@string{AHG = "Annals of Human Genetics"}
@string{AJHG = "American Journal of Human Genetics"}
@string{ARB    = "Annual Review of Biochemistry"}
@string{ARCB   = "Annual Review of Cell Biology"}
@string{BMCBI = "BMC Bioinformatics"}
@string{BI = "Bioinformatics"}
@string{BIOGEN = "Biochemical Genetics"}
@string{BJLS = "Biological Journal of the Linnean Society"}
@string{BMB = "Bulletin of Mathematical Biology"}
@string{CABIOS = "Computer Applications in the Biosciences"}
@string{CELL   = "Cell"}
@string{CACM   = "Communications of the ACM"}
@string{COCB   = "Current Opinion in Cell Biology"}
@string{COGD   = "Current Opinion in Genetics and Development"}
@string{COSB   = "Current Opinion in Structural Biology"}
@string{CSHSQB = "Cold Spring Harbor Symposia Quantitative Biology"}
@string{ComputChem = "Computers and Chemistry"}
@string{EMBO   = "EMBO Journal"}
@string{EVO = "Evolution"}
@string{GEN = "Genetics"}
@string{GB = "Genome Biology"}
@string{GR = "Genome Research"}
@string{JBSD   = "Journal of Biomolecular Structure and Dynamics"}
@string{JComputBiol = "Journal of Computational Biology"}
@string{JCB = JComputBiol}
@string{JMB = "Journal of Molecular Biology"}
@string{JME = "Journal of Molecular Evolution"}
@string{JRSS = "Journal of the Royal Statistical Society, B"}
@string{JTB    = "Journal of Theoretical Biology"}
@string{MBE = "Molecular Biology and Evolution"}
@string{MBIO = "Mathematical Biosciences"}
@string{MCB = "Molecular Cell Biology"}
@string{ME = "Methods in Enzymology"}
@string{MPE = "Molecular Phylogenetics and Evolution"}
@string{NAR = "Nucleic Acids Research"}
@string{NC = "Neural Computation"}
@string{NNB = "Nature New Biology"}
@string{NG = "Nature Genetics"}
@string{NB = "Nature Biotechnology"}
@string{Nature = "Nature"}
@string{PE = "Protein Engineering"}
@string{PLOSCOMPBIO = "PLoS Computational Biology"}
@string{PNAS = "Proceedings of the National Academy of Sciences of the USA"}
@string{PROT = "Proteins"}
@string{PROTSCI = "Protein Science"}
@string{SIAM = "SIAM Journal of Applied Mathematics"}
@string{SYSB = "Systematic Biology"}
@string{SZ = "Systematic Zoology"}
@string{Science = "Science"}
@string{S = Science}
@string{TIBTECH= "Trends in Biotechnology"}
@string{TIGS   = "Trends in Genetics"}
@string{UKSB = "University of Kansas Scientific Bulletin"}


@Article{Abrahams90,
  author = 	 {J. P. Abrahams and M. van den Berg and E. van
                  Batenburg and C. Pleij},
  title = 	 {Prediction of {RNA} Secondary Structure, Including
                  Pseudoknotting, by Computer Simulation},
  journal = 	 NAR,
  year = 	 1990,
  volume =	 18,
  pages =	 {3035-3044}
}

@inproceedings{AllisonEtal92a,
  author = "L. Allison and C. S. Wallace and C. N. Yee",
  title = "Minimum message length encoding, evolutionary trees and
		  multiple alignment",
  booktitle = "Hawaii International Conference on System Sciences",
  year = "1992",
  volume = "1",
  pages = "663-674"
}

@article{AllisonEtal92b,
  author = "L. Allison and C. S. Wallace and C. N. Yee",
  title = "Finite-state models in the alignment of macromolecules.",
  journal = JME,
  year = "1992",
  volume = "35",
  pages = "77-89"
}

@techreport{AllisonWallace93,
  author = "L. Allison and C. S. Wallace",
  title = "The posterior probability distribution of alignments and its
	application to parameter estimation of evolutionary trees and to
	optimisation of muliple alignments",
  institution = "Monash University Computer Science",
  year = 1993,
  number = "TR 93/188"
}

@article{Altschul89,
  author = "S. F. Altschul",
  title = "Gap costs for multiple sequence alignment",
  journal = JTB,
  volume = 138,
  pages = "297-309",
  year = 1989
}

@Article{Altschul90,
  author = 	 "S. F. Altschul
		and W. Gish and W. Miller
		  and E. W. Myers and D. J. Lipman",
  title = 	 "Basic Local Alignment Search Tool",
  journal = 	 JMB,
  year = 	 1990,
  volume = 	 215,
  pages = 	 "403-410"
}

@Article{Altschul91,
  author = 	 "S. F. Altschul",
  title = 	 "Amino Acid Substitution Matrices from an Information
		  Theoretic Perspective",
  journal = 	 JMB,
  year = 	 1991,
  volume = 	 219,
  pages = 	 "555-565"
}

@article{AltschulErickson86,
  author = "S. F. Altschul and B. W. Erickson",
  title = "Optimal sequence alignment using affine gap costs",
  journal = BMB,
  volume = 48,
  pages = "603-616",
  year = 1986
}

@article{AltschulEtal89,
  author = "S. F. Altschul and and R. J. Carroll and D. J. Lipman",
  title = "Weights for Data Related by a Tree",
  journal = JMB,
  volume = 207,
  pages = "647-653",
  year = 1989
}

@article{AltschulGish96,
author = {S. F. Altschul and W. Gish},
title = {Local alignment statistics},
journal = ME,
volume = 266,
pages = "460-480",
year = 1996
}

@Article{Altschul97,
  author = 	 {S. F. Altschul and T. L. Madden and A. A. Schaffer and
                  J. Zhang and Z. Zhang and W. Miller and D. J. Lipman},
  title = 	 {Gapped {BLAST} and {PSI-BLAST}: a New Generation of
                  Protein Database Search Programs},
  journal = 	 NAR,
  year = 	 1997,
  volume =	 25,
  pages =	 {3389-3402}
}

@Article{AltschulLipman89,
  author = 	 {S. F. Altschul and D. J. Lipman},
  title = 	 {Trees, Stars, and Multiple Biological Sequence Alignment},
  journal = 	 SIAM,
  year = 	 1989,
  volume =	 49,
  pages =	 {197-209}
}

@article{AsaiEtal93,
  author = "K. Asai and S. Hayamizu and K. Handa",
  title = "Prediction of protein secondary structure by the hidden
	{M}arkov model",
  journal = CABIOS,
  year = "1993",
  volume = "9",
  number = "2",
  pages = "141-146"
}

@book{Asmussen87,
  author = "S. Asmussen",
  title = "Applied Probability and Queues",
  publisher = "Wiley",
  address = "Chichester, UK",
  year = 1987
}

@incollection{Atteson97,
  author = "K. Atteson",
  title = "The performance of the neighbor-joining method of phylogeny reconstruction",
  booktitle = "Mathematical Hierarchies and Biology",
  pages = "133-148",
  editor = "B. Mirkin and F. Mc{M}orris and F. Roberts and A. Rzhetsky",
  publisher = "American Mathematical Society",
  address = "Providence, RI",
  year = 1997
}

@Article{Attwood94,
  author = 	 {T. K. Attwood and M. E. Beck},
  title = 	 {{PRINTS} -- A Protein Motif Fingerprint Database},
  journal = 	 PE,
  year = 	 1994,
  volume =	 7,
  pages =	 {841-848}
}

@inproceedings{BaileyElkan94,
  author = "T. L. Bailey and C. Elkan",
  title = "Fitting a Mixture Model by Expectation Maximization
	to Discover Motifs in Biopolymers",
  crossref = "ismb94",
  pages = "28--36"
}

@inproceedings{BaileyElkan95,
  author = "T. L. Bailey and C. Elkan",
  title = "The value of prior knowledge in discovering motifs with {MEME}",
  pages = "21-29",
  crossref = "ismb95"
}

@inproceedings{BahlEtAl86,
  author = "L. R. Bahl and P. F. Brown and P. V. de Souza and R. L. Mercer",
  title = "Maximum Mutual Information Estimation of Hidden {M}arkov
        Model Parameters for Speech Recognition",
  booktitle = "Proceedings of ICASSP '86",
  pages = "49-52",
  year = "1986",
  myref = "HMM25"
}

@Article{Bairoch97b,
  author = 	 {A. Bairoch and P. Bucher and K. Hofmann},
  title = 	 {The {\sc PROSITE} Database, Its Status in 1997},
  journal = 	 NAR,
  year = 	 1997,
  volume =	 25,
  pages =	 {217-221}
}

% RD says:
% this is the correct latest swissprot reference to replace
% BairochApweiler96 in your list - I updated the only \cite{BA96} 
% in the book, in profhmm.

@Article{Bairoch97,
  author = 	 {A. Bairoch and R. Apweiler},
  title = 	 {The {\sc SWISS-PROT} Protein Sequence Data Bank and Its
                  Supplement {TrEMBL}},
  journal = 	 NAR,
  year = 	 1997,
  volume =	 25,
  pages =	 {31-36}
}

@book{BaldiBrunak98,
  author = "P. Baldi and S. Brunak",
  title = "Bioinformatics -- The Machine Learning Approach",
  publisher = "MIT Press",
  address = "Cambridge, MA",
  year = 1998
}

@article{BaldiChauvin94,
  author = "P. Baldi and Y. Chauvin ",
  title = "Smooth on-line learning algorithms for hidden {M}arkov
	models",
  journal = NC,
  year = 1994,
  number = 2,
  volume = 6,
  pages = "307-318"
}

@inproceedings{BaldiChauvin95,
  author = "P. Baldi and Y. Chauvin",
  title = "Protein modeling with hybrid Hidden {M}arkov Model/neural
	network architectures",
  year = "1995",
  pages = "39-47",
  crossref = "ismb95"
}

@article{BaldiEtal94,
  author = "P. Baldi and Y. Chauvin and T. Hunkapiller and M. A.
	Mc{C}lure",
  title = "Hidden {M}arkov models of biological primary sequence
	information",
  journal = PNAS,
  year = "1994",
  volume = "91",
  number = "3",
  pages = "1059-1063"
}

@article{BaldiEtal96b,
  author =  {P. Baldi and S. Brunak and Y. Chauvin and A. Krogh},
  title  = {Naturally Occurring Nucleosome Positioning Signals in
        Human Exons},
  journal = JMB,
  volume = 263,
  pages = "503-510",
  year = 1996
}

@article{BandeltDress92,
  author = "H.-J. Bandelt and A. W. M. Dress",
  title = "Split decomposition: a new and useful approach to
		  phylogenetic analysis of distance data",
  journal = MPE,
  volume = 1,
  pages = "242-252",
  year = 1992
}

@article{BartonSternberg87,
  author = "G. J. Barton and M. J. E. Sternberg",
  title = "A Strategy for the Rapid Multiple Alignment of Protein Sequences",
  journal = JMB,
  volume = 198,
  year = 1987,
  pages = "327-337"
}

@article{Barton93,
  author = "G. J. Barton",
  title = "An efficient algorithm to locate all locally optimal alignments
	between two sequences allowing for gaps",
  journal = CABIOS,
  volume = 9,
  number = 6,
  year = 1993,
  pages = "729-734"
}

@InCollection{Baserga93,
  author = 	 "S. J. Baserga and J. A. Steitz",
  title = 	 "The Diverse World of Small Ribonucleoproteins",
  booktitle =	 "The {RNA} World",
  publisher =	 "Cold Spring Harbor Press",
  year =	 1993,
  editor =	 "R. F. Gesteland and J. F. Atkins",
  pages =	 "359-381",
  address =	 "New York"
}

@article{BashfordEtal87,
  author = "D. Bashford and C. Chothia and A. M. Lesk",
  title = "Determinants of a protein fold: unique features of
        the globin amino acid sequence",
  journal = JMB,
  volume = 196,
  pages = "199-216",
  year = 1987
}

@article{Baum72,
  author =       {L. E. Baum},
  title =        {An Equality and Associated Maximization Technique
			in Statistical Estimation for Probabilistic
			Functions of {M}arkov Processes},
  journal =      {Inequalities},
  year =         1972,
  volume =       3,
  pages =        {1-8}
}


@article{BengioEtal92,
  author = "Y. Bengio and R. De Mori and G. Flammia and R. Kompe",
  title = "Global optimization of a neural network--hidden {M}arkov
	model hybrid",
  journal = "IEEE Transactions on Neural Networks",
  year = 1992,
  number = 2,
  volume = 3,
  pages = "252-259"
}
		  
@book{Berger85,
  author= "J. O. Berger",
  title= "Statistical Decision Theory and {B}ayesian Analysis",
  publisher= "Springer-Verlag",
  address= "New York",
  year= 1985
}

@article{BergerMunson91,
  author = "M. P. Berger  and P. J. Munson",
  title = "A novel randomized iterative strategy for aligning 
            multiple protein sequences",
  journal = CABIOS,
  volume = 7,
  pages = "479-484",
  year = 1991
}

@Article{Bird87,
  author = 	 {A. Bird},
  title = 	 {{CpG} islands as gene markers in the vertebrate nucleus},
  journal = 	 TIGS,
  year = 	 1987,
  volume =	 3,
  pages =	 {342-347}
}

@inproceedings{BirneyDurbin97,
  author = "E. Birney and R. Durbin",
  title = {Dynamite: a flexible code generating language for dynamic 
	programming methods used in sequence comparison},
  crossref = "ismb97",
  year = 1997,
  pages = "56-64"
}

@article{BishopThompson86,
author = {M. J. Bishop and E. A. Thompson},
title = {Maximum Likelihood alignment of {DNA} Sequences},
journal = JMB,
year = 1986,
volume = 190,
pages = {159-165}
}

@article{BorodovskyEtal86a,
  author = "M. Yu. Borodovsky and Yu. A. Sprizhitsky and E. I. Golovanov
	and A. A. Alexandrov",
  title = "Statistical Patterns in the Primary Structure of the Functional 
	Regions of the {Escherichia} Coli Genome.
	{I}. {F}requency Characteristics",
  journal = "Molecularnaya Biologia",
  note = "(English translation)",
  year = 1986,
  volume = 20,
  pages = "826--833"
}

@article{BorodovskyEtal86b,
  author = "M. Yu. Borodovsky and Yu. A. Sprizhitsky and E. I. Golovanov
	and A. A. Alexandrov",
  title = "Statistical Patterns in the Primary Structure of the Functional 
	Regions of the {Escherichia Coli} Genome.
	{II}. {N}onuniform {M}arkov Models",
  journal = "Molecularnaya Biologia",
  note = "(English translation)",
  year = 1986,
  volume = 20,
  pages = "833--840"
}

@article{BorodovskyEtal86c,
  author = "M. Yu. Borodovsky and Yu. A. Sprizhitsky and E. I. Golovanov
	and A. A. Alexandrov",
  title = "Statistical Patterns in the Primary Structure of the Functional 
	Regions of the {Escherichia Coli} Genome.
	{III}. {C}omputer Recognition of Coding Regions",
  journal = "Molecularnaya Biologia",
  note = "(English translation)",
  year = 1986,
  volume = 20,
  pages = "1144--1150"
}

@article{BorodovskyMcIninch93,
  author = "M. Borodovsky and J. Mc{I}ninch",
  title = "{\sc GENMARK}: parallel Gene Recognition for Both {DNA} strands",
  journal = ComputChem,
  year = "1993",
  volume = 17,
  number = 2,
  pages = "123--133",
  myref = "BIO105"
}

@article{BowieEtal91,
  author = "J. U. Bowie and R. Luthy and D. Eisenberg",
  title = "A method to identify protein sequences that fold into
	a known three-dimensional structure",
  journal = Science,
  year = 1991,
  volume = 253,
  number = 5016,
  pages = "164-170"
}

@Book{BoxTiao92,
  author = 	 {G. E. P. Box and G. C. Tiao},
  title = 	 {Bayesian Inference in Statistical Analysis},
  publisher = 	 {Wiley-Interscience},
  year = 	 1992
}

@Book{Branden91,
  author = 	 {C. Branden and J. Tooze},
  title = 	 {Introduction to Protein Structure},
  publisher = 	 {Garland},
  year = 	 1991,
  address =	 {New York}
}

@Article{Brendel86,
  author = 	 {V. Brendel and J. S. Beckmann and E. N. Trifonov},
  title = 	 {Linguistics of Nucleotide Sequences: morphology and
                  Comparison of Vocabularies},
  journal = 	 JBSD,
  year = 	 1986,
  volume =	 4,
  pages =	 {11-20},
  filed =        {Trifonov}
}

@book{Brooksetal91,
  author = "D. R. Brooks and D. A. Mc{L}ennan",
  title = "Phylogeny, Ecology and Behaviour",
  publisher = "University of Chicago Press",
  address = "Chicago",
  year = 1991
}

@inproceedings{BrownEtal93,
  author={M. Brown and R. Hughey and A. Krogh and I. S. Mian and
	K. Sj{\"o}lander and D. Haussler},
  title="Using {D}irichlet Mixture Priors to Derive Hidden {M}arkov
	Models for Protein Families",
  pages= "47-55",
  crossref = "ismb93"
}

@Unpublished{BrownWilson95,
  author = {M. Brown and C. Wilson},
  title = {{RNA} Pseudoknot Modeling Using Intersections of
                  Stochastic Context-Free Grammars with Applications
                  to Database Search},
  note = {Unpublished manuscript available from
          http://www.cse.ucsc.edu/research/compbio/pseudoknot.html},
  year = 1995
}

@article{BrunakEtal91,
  author = "S. Brunak and J. Engelbrecht and S. Knudsen",
  title = "Prediction of human {mRNA} donor and acceptor sites from
	the {DNA} sequence",
  journal = JMB,
  year = "1991",
  volume = "220",
  number = "1",
  pages = "49--65"
}

@article{BucherEtal96,
  author = "P. Bucher and K. Karplus and N. Moeri
	and K. Hofmann",
  title = "A Flexible Motif Search Technique Based on Generalized
	Profiles",
  journal = ComputChem,
  volume = 20,
  pages = "3-24",
  year = 1996
}

@InProceedings{BucherHofmann96,
  author = 	 {P. Bucher and K. Hofmann},
  title = 	 {A Sequence Similarity Search Algorithm Based on a
                  Probabilistic Interpretation of an Alignment Scoring System},
  crossref = 	 "ismb96",
  pages =	 {44-51}
}

@incollection{Buneman71,
  author = "P. Buneman",
  title = "The recovery of trees from measures of dissimilarity",
  booktitle = "Mathematics in the Archaeological and Historical Sciences",
  pages = "387-395",
  editor = "F. R. Hodson and D. G. Kendall and P. Tautu",
  publisher = "Edinburgh University Press",
  address = "Edinburgh",
  year = 1971
}

@article{BurgeKarlin97,
  author = "C. Burge and S. Karlin",
  title = "Prediction of Complete Gene Structures in Human Genomic {DNA}",
  journal = JMB,
  volume = 268,
  number=1,
  year = 1997,
  pages = "78-94"
}

@article{CaminSokal65,
  author = "J. H. Camin and R. R. Sokal",
  title = "A method for deducing branching sequences in phylogeny",
  journal = EVO,
  volume = 19,
  pages = "311-327",
  year = 1965
}

@article{CardonStormo92,
  author = "L. R. Cardon and G. D. Stormo",
  title = "Expectation maximization algorithm for identifying
        protein-binding sites with variable lengths from unaligned
        {DNA} fragments",
  journal = JMB,
  year = 1992,
  volume = 223,
  number = 1,
  pages = "159--170"
}

@inproceedings{CarmelEtAl,
  author = "L. Carmel and I. B. Rogozin and Y. I. Wolf and E. V. Koonin",
  title = "An Expectation-Maximization Algorithm for Analysis of Evolution of Exon-Intron Structure of Eukaryotic Genes",
  year = "2005",
  volume = "3678",
  booktitle = "Lecture Notes in Bioinformatics 3678: Proc. {RECOMB} 2005 Comparative Genomics International Workshop ({RCG} 2005)",
  publisher = "Springer",
  pages = "35-46"
}



@article{CarrilloLipman88,
  author = "H. Carrillo and D. Lipman",
  title = "The Multiple Sequence Alignment Problem in Biology",
  journal = SIAM,
  volume = 48,
  pages = "1073-1082",
  year = "1988"
}


@InProceedings{CaryStormo95,
  author = 	 {R. B. Cary and G. D. Stormo},
  title = 	 {Graph-Theoretic Approach to {RNA} Modeling Using
                  Comparative Data},
  pages =	 {75-80},
  crossref = "ismb95"
}

@book{CasellaBerger90,
  author= "G. Casella and R. L. Berger",
  title= "Statistical Inference",
  publisher= "Duxbury Press",
  address= "Belmont, CA",
  year= 1990
}

@article{Cavender78,
  author = "J. A. Cavender",
  title = "Taxonomy with confidence",
  journal = MBIO,
  volume = 40,
  pages = "271-280",
  year = 1978
}

@article {Cech86,
  author = "T. R. Cech and B. L. Bass",
  title = "Biological Catalysis by {RNA}",
  journal = ARB,
  volume = 55,
  pages = "599-629",
  year = 1986
}

@article{Chan92,
  author = {S. C. Chan and A. K. C. Wong and D. K. Y. Chiu},
  title = {A survey of multiple sequence comparison methods},
  journal = BMB,
  volume = 54,
  pages = "563-598",
  year = 1992
}

@inproceedings{ChangLawler90,
author = {W. I. Chang and E. L. Lawler},
title = "Approximate string matching in sublinear expected time",
booktitle = "Proceedings of the 31st Annual IEEE Symposium on Foundations
	Computer Science",
address = "St Louis, MO",
publisher = "IEEE",
year = 1990,
pages = {116-124}
}

@Article{Chao92,
  author = 	 {K. M. Chao and W. R. Pearson and W. Miller},
  title = 	 {Aligning Two Sequences Within a Specified Diagonal Band},
  journal = 	 CABIOS,
  year = 	 1992,
  volume =	 8,
  pages =	 {481-487}
}

@Article{Chao94,
  author = 	 {K. M. Chao and R. C. Hardison and W. Miller},
  title = 	 {Recent Developments in Linear-Space Alignment
                  Methods: a Survey},
  journal = 	 JComputBiol,
  year = 	 1994,
  volume =	 1,
  pages =	 {271-291}
}

@Article{Chiu91,
  author = 	 "D. K. Y. Chiu and T. Kolodziejczak",
  title = 	 "Inferring Consensus Structure from Nucleic Acid
		  Sequences",
  journal = 	 CABIOS,
  year = 	 1991,
  volume = 	 7,
  pages = 	 "347-352"
}

@Article{Chomsky56,
  author = 	 "N. Chomsky",
  title = 	 "Three Models for the Description of Language",
  journal = 	 "IRE Transactions Information Theory",
  year = 	 1956,
  volume = 	 2,
  pages = 	 "113-124"
}

@Article{Chomsky59,
  author = 	 "N. Chomsky",
  title = 	 "On Certain Formal Properties of Grammars",
  journal = 	 "Information and Control",
  year = 	 1959,
  volume = 	 2,
  pages = 	 "137-167"
}

@Article{Chothia86,
  author = 	 "C. Chothia and A. M. Lesk",
  title = 	 "The Relation Between the Divergence of Sequence and
		  Structure in Proteins",
  journal = 	 EMBO,
  year = 	 1986,
  volume = 	 5,
  pages = 	 "823-826"
}

@Article{Churchill89,
  author = 	 {G. A. Churchill},
  title = 	 {Stochastic Models for Heterogeneous {DNA} Sequences},
  journal = 	 BMB,
  year = 	 1989,
  volume =	 51,
  pages =	 {79--94}
}

@article{Churchill92,
  author = "G. A. Churchill",
  title = "Hidden Markov chains and the analysis of genome structure",
  journal = "Computers and Chemistry",
  volume = 16,
  number = 2,
  pages = "107-115",
  year = 1992,
  abstract = {
	Statistical methods based on a hidden Markov chain model are used
	to study the structure of some small complete genomes and a human
	genome segment. A variety of discrete compositional domains are
	discovered and their correlations with genome function are explored.}
}

@article{Claverie94,
  author = "J.-M. Claverie",
  title = "Some useful statistical properties of position-weight matrices",
  journal = ComputChem,
  year = 1994,
  volume = 18,
  pages = "287-294"
}

@Article{Collado-Vides89,
  author = 	 {J. Collado-Vides},
  title = 	 {A Transformational-Grammar Approach to the Study of
                  the Regulation of Gene Expression},
  journal = 	 JTB,
  year = 	 1989,
  volume =	 136,
  pages =	 {403-425}
}

@Article{Collado-Vides91,
  author = 	 {J. Collado-Vides},
  title = 	 {A Syntactic Representation of Units of Genetic
                  Information -- A Syntax of Units of Genetic Information},
  journal = 	 JTB,
  year = 	 1991,
  volume =	 148,
  pages =	 {401-429}
}

@Article{Corpet94,
  author = 	 "F. Corpet and B. Michot",
  title = 	 "{RNAlign} Program: alignment of {RNA} Sequences
		  Using Both Primary and Secondary Structures",
  journal = 	 CABIOS,
  year = 	 1994,
  volume = 	 10,
  pages = 	 "389-399"
}

@book{CoverThomas91,
  author = "T. M. Cover and J. A. Thomas",
  title = "Elements of Information Theory",
  year = 1991,
  publisher = "John Wiley \& Sons, Inc.",
  address = "New York"
}

@article{Cox62,
  author = "D. R. Cox",
  title = "Further results on tests of separate families of hypotheses",
  journal = JRSS,
  volume = 24,
  pages = "406-424",
  year = 1962
}

@book{CoxMiller65,
  author= "D. R. Cox and H. D. Miller",
  title= "The Theory of Stochastic Processes",
  publisher= "Chapman \& Hall",
  address= "London",
  year= 1965
}

@Article{Dandekar95,
  author = 	 "T. Dandekar and M. W. Hentze",
  title = 	 "Finding the Hairpin in the Haystack: searching for
		  {RNA} Motifs",
  journal = 	 TIGS,
  year = 	 1995,
  volume = 	 11,
  pages = 	 "45-50"
}

@incollection{DayhoffEtal72,
  author = "M. O. Dayhoff and R. V. Eck and C. M. Park",
  title=	"A Model of Evolutionary Change in Proteins",
  booktitle= "Atlas of Protein Sequence and Structure",
  editor = "M. O. Dayhoff",
  publisher="National Biomedical Research Foundation",
  address = "Washington, DC",
  year=	"1972",
  volume = 5,
  pages = "89-99"
}

@incollection{DayhoffEtal78,
  author=	"M. O. Dayhoff and R. M. Schwartz and B. C. Orcutt",
  title=	"A Model of Evolutionary Change in Proteins",
  booktitle= "Atlas of Protein Sequence and Structure",
  editor = "M. O. Dayhoff",
  publisher="National Biomedical Research Foundation",
  address = "Washington, DC",
  year=	1978,
  volume = "5, supplement 3",
  pages = "345-352"
}

@article{DemboKarlin91,
author = {A. Dembo and S. Karlin},
title = {Strong limit theorems of empirical functionals for large
		  exceedances of partial sums of i.i.d.\ variables},
journal = {Annals of Probability},
volume = 19,
pages = {1737-1755},
year = 1991
}

@article{DempsterEtal77,
  author =       {A. P Dempster and N. M. Laird and D. B. Rubin},
  title =        {Maximum Likelihood From Incomplete Data via the
		{EM} Algorithm},
  journal =      {Journal of the Royal Statistical Society},
  year =         1977,
  volume =       "B 39",
  pages =        {1-38}
}

@Article{Dong94,
  author = 	 {S. Dong and D. B. Searls},
  title = 	 {Gene Structure Prediction by Linguistic Methods},
  journal = 	 {Genomics},
  year = 	 1994,
  volume =	 23,
  pages =	 {540--551}
}

@article{DoolittleEtal96,
  author = "R. F. Doolittle and D.-F. Feng and S. Tsang and G. Cho
		  and E. Little",
  title = "Determining divergence times of the major kingdoms of
		  living organisms with a protein clock",
  journal = S,
  volume = 271,
  pages = "470-477",
  year = 1996
}


@book{EckDayhoff66,
  author =       {R. V. Eck and M. O. Dayhoff },
  title = "Atlas of Protein Sequence and  Structure",
  publisher = "National Biomedical Research Foundation",
  address = "Silver Spring, MD",
  year = 1966
}


@Article{Eddy94,
  author = 	 "S. R. Eddy and R. Durbin",
  title = 	 "{RNA} Sequence Analysis Using Covariance Models",
  journal = 	 NAR,
  year = 	 1994,
  volume = 	 22,
  pages = 	 "2079-2088"
}

@Article{Eddy95,
  author = 	 "S. R. Eddy and G. J. Mitchison and R. Durbin",
  title = 	 "Maximum Discrimination Hidden {M}arkov Models of
		  Sequence Consensus",
  journal = 	 JComputBiol,
  year = 	 1995,
  volume = 	 2,
  pages = 	 "9-23"
}

@InProceedings{Eddy95b,
  author =       "S. R. Eddy",
  title =        "Multiple Alignment Using Hidden {M}arkov Models",
  pages =        "114-120",
  crossref = "ismb95"
}

@Article{Eddy96,
  author = 	 {S. R. Eddy},
  title = 	 {Hidden {M}arkov Models},
  journal = 	 COSB,
  year = 	 1996,
  volume =	 6,
  pages =	 {361--365}
}

@article{EddyEtal95,
  author = "S. R. Eddy and G. J. Mitchison and R. Durbin",
  title = "Maximum discrimination hidden {M}arkov models of sequence
	consensus",
  journal = JComputBiol,
  year = 1995,
  volume = 2,
  number = 1,
  pages = "9-23"
}

@article{Edwards63,
  author = "A. W. F. Edwards and L. Cavalli-Sforza",
  title = "The reconstruction of evolution",
  journal = AHG,
  volume = 27,
  pages = "105",
  year = 1963
}

@incollection{Edwards64,
  author =  {A. W. F. Edwards and L. Cavalli-Sforza},
  title = "Reconstruction of evolutionary trees",
  booktitle = "Phenetic and Phylogenetic Classification",
  pages = "67-76",
  editor = "V. H. Heywood and J. Mc{N}eill",
  publisher = "Systematics Association Publication No. 6",
  address = "London",
  year = 1964
}

@article{Edwards70,
  author = "A. W. F. Edwards",
  title = "Estimation of the branch points of a branching diffusion process",
  journal = JRSS,
  volume = 32,
  pages = "155-174",
  year = 1970
}

@book{Edwards92,
  author = "A. W. F. Edwards",
  title = "Likelihood",
  publisher = "Johns Hopkins Universty Press",
  address = "Baltimore, London",
  year = 1992
}

@article{Edwards96,
  author = "A. W. F. Edwards",
  title = "The origin and early development of the method of minimum
		  evolution for the reconstruction of phylogenetic trees",
  journal = SYSB,
  volume = 45,
  pages = "179-191",
  year = 1996
}

@book{EfronTibshirani93,
  author = "B. Efron and R. J. Tibshirani",
  title = "An Introduction to the Bootstrap",
  publisher = "Chapman and Hall",
  address = "London",
  year = 1993
}


@article{EfronEtal96,
  author = "B. Efron and E. Halloran and S. Holmes",
  title = "Bootstrap confidence levels for phylogenetic trees",
  journal = PNAS,
  volume = 93,
  pages = "13429-13434",
  year = 1996
}

@book{Feller71,
  author = "W. Feller",
  title = "An Introduction to Probability Theory and its Applications,
		  Vol II.",
  publisher = "John Wiley and Sons",
  address = "New York",
  year = 1971
}


@article{Felsenstein73,
  author = "J. Felsenstein",
  title = "Maximum-likelihood estimation of evolutionary trees from
		  continuous characters",
  journal = AJHG,
  volume = 25,
  pages = "471-492",
  year = 1973
}

@article{Felsenstein78,
  author = "J. Felsenstein",
  title = "The number of evolutionary trees",
  journal = SZ,
  volume = 27,
  pages = "27-33",
  year = 1978
}


@article{Felsenstein78b,
  author = "J. Felsenstein",
  title = "Cases in which parsimony or compatibility methods will be
		  positively misleading",
  journal = SZ,
  volume = 27,
  pages = "401-410",
  year = 1978
}

@Article{Felsenstein81,
  author = "J. Felsenstein",
  title = 	 "Evolutionary Trees from {DNA} Sequences: a Maximum
		  Likelihood Approach",
  journal = 	 JME,
  year = 	 1981,
  volume = 	 17,
  pages = 	 "368-376"
}

@article{Felsenstein81b,
  author = "J. Felsenstein",
  title = "A likelihood approach to character weighting and what it
		  tells us about parsimony and compatibility",
  journal = BJLS,
  volume = 16,
  pages = "183-196",
  year = 1981
}


@article{Felsenstein85,
  author = "J. Felsenstein",
  title = "Confidence limits on phylogenies: an approach using the bootstrap",
  journal = EVO,
  volume = 39,
  pages = "783-791",
  year = 1985
}


@article{Felsenstein96,
  author = "J. Felsenstein",
  title = "Inferring phylogenies from protein sequences by parsimony,
		  distance, and likelihood methods",
  journal = ME,
  volume = 266,
  pages = "418-427",
  year = 1996
}


@article{FelsensteinChurchill96,
  author = "J. Felsenstein and G. A. Churchill",
  title = "A hidden {M}arkov model approach to variation among sites in
		  rate of evolution",
  journal = MBE,
  volume = 13,
  pages = "93-104",
  year = 1996
}


@article{FengDoolittle87,
  author = "D.-F. Feng and R. F. Doolittle",
  title = "Progressive Sequence Alignment as a Prerequisite to
	Correct Phylogenetic Trees",
  journal = JME,
  volume = 25,
  pages = "351-360",
  year = 1987
}

@article{FengDoolittle96,
  author = "D.-F. Feng and R. F. Doolittle",
  title = "Progressive Alignment of Amino Acid Sequences and
	Construction of Phylogenetic Trees from Them",
  journal = ME,
  volume = 266,
  pages = "368-382",
  year = 1996
}

@Article{Fichant91,
  author = 	 "G. A. Fichant and C. Burks",
  title = 	 "Identifying Potential {tRNA} Genes in Genomic {DNA} Sequences",
  journal = 	 JMB,
  year = 	 1991,
  volume = 	 220,
  pages = 	 "659-671"
}

@Article{FieldsGutell96,
  author = 	 {D. S. Fields and R. R. Gutell},
  title = 	 {An Analysis of Large {rRNA} Sequences Folded by a
                  Thermodynamic Method},
  journal = 	 {Folding and Design},
  year = 	 1996,
  volume =	 1,
  pages =	 {419-430}
}

@article{Fitch71,
  author = "W. M. Fitch",
  title = "Toward defining the course of evolution: minimum change for a specifed tree topology",
  journal = SZ,
  volume = 20,
  pages = "406-416",
  year = 1971
}

@article{FitchMargoliash67,
  author = "W. M. Fitch and E. Margoliash",
  title = "Construction of phylogenetic trees",
  journal = Science,
  volume = 155,
  pages = "279-284",
  year = 1967
}


@article{FitchMargoliash67b,
  author = "W. M. Fitch and E. Margoliash",
  title = "A method for estimating the number of invariant amino acid
		  coding positions in a gene using cytochrome c as a
		  model case",
  journal = BIOGEN,
  volume = 1,
  pages = "65-71",
  year = 1967
}

@inproceedings{FrasconiBengio94,
  author = "P. Frasconi and Y. Bengio",
  title = "An {EM} approach to grammatical inference: input/output
	{HMM}s",
  year = "1994",
  volume = "2",
  booktitle = "Proceedings of the 12th IAPR International Conference
	on Pattern Recognition",
  publisher = "IEEE Computer Society Press",
  address = "Los Alamitos, CA",
  pages = "289-294"
}

@article{Freier86,
  author = "S. M. Freier and R. Kierzek and J. A. Jaeger and N. Sugimoto
                  and M. H. Caruthers and T. Neilson and D. H. Turner",
  title = "Improved Free-Energy Parameters for Predictions of {RNA}
                  Duplex Stability",
  journal = PNAS,
  volume = "83",
  year = 1986,
  pages = "9373-9377"
}

@inproceedings{FujiwaraEtal94,
  author = "Y. Fujiwara and M. Asogawa and A. Konagaya",
  title = "Stochastic Motif Extraction Using Hidden {M}arkov Model",
  pages = "121--129",
  crossref = "ismb94"
}

@Article{Gautheret90,
  author = 	 "D. Gautheret and F. Major and R. Cedergren",
  title = 	 "Pattern Searching/Alignment with {RNA} Primary and
		  Secondary Structures: an Effective Descriptor for {tRNA}",
  journal = 	 CABIOS,
  year = 	 1990,
  volume = 	 6,
  pages = 	 "325-331"
}

@article{GersteinEtal94,
  author = "M. Gerstein and E. L. L. Sonnhammer and C. Chothia",
  title = "Volume changes in protein evolution",
  journal = JMB,
  volume = 236,
  pages = "1067-1078",
  year = 1994
}

@InProceedings{GersteinLevittISMB96,
  author = 	 {M. Gerstein and M. Levitt},
  title = 	 {Using Iterative Dynamic Programming to Obtain
                  Accurate Pairwise and Multiple Alignments of Protein
                  Structures},
  pages =	 {59-67},
  crossref = 	 "ismb96"
}

@Book{Gersting93,
  author = 	 "J. L. Gersting",
  title = 	 "Mathematical Structures for Computer Science",
  publisher = 	 {W. H. Freeman},
  year = 	 1993
}

@Book{Gesteland93,
  title = 	 "The {RNA} World",
  publisher = 	 "Cold Spring Harbor Laboratory Press",
  year = 	 1993,
  editor = 	 "R. F. Gesteland and J. F. Atkins",
  address = 	 "New York"
}

@Article{Gilbert86,
  author = 	 "W. Gilbert",
  title = 	 "The {RNA} World",
  journal = 	 Nature,
  year = 	 1986,
  volume = 	 319,
  pages = 	 618
}

@Article{Gold95,
  author = 	 "L. Gold and B. Polisky and O. Uhlenbeck and
		  M. Yarus",
  title = 	 "Diversity of Oligonucleotide Functions",
  journal =	 ARB,
  year =	 1995,
  volume =	 64,
  pages =	 "763-797"
}

@article{Goldman93,
  author = "N. Goldman",
  title = "Statistical tests of models of {DNA} substitution",
  journal = JME,
  volume = 36,
  pages = "182-198",
  year = 1993
}

@article{GoldmanYang94,
  author = "N. Goldman and Z. Yang",
  title = "A codon-based model of nucleotide substitution for
		  protein-coding {DNA} sequences",
  journal = MBE,
  volume = 11,
  pages = "725-735",
  year = 1994
}

@article{GonnetEtal92,
  author = "G. H. Gonnet and M. A. Cohen and S. A. Benner",
  title = "Exhaustive matching of the entire protein sequence database",
  journal = Science,
  year = 1992,
  volume = 256,
  number = 5062,
  pages = "1443-1445"
}

@article{Gotoh82,
author = {O. Gotoh},
title = {An improved algorithm for matching biological sequences},
journal = JMB,
year = 1982,
volume = 162,
pages = {705-708}
}

@article{Gotoh93,
  myref = "BIO220",
  author = "O. Gotoh",
  title = "Optimal alignment between groups of sequences and its application to
            multiple sequence alignment",
  year = 1993,
  journal = CABIOS,
  pages = "361-370",
  number = 3,
  volume = 9
}

@article{Gotoh96,
  author = "O. Gotoh",
  title = "Significant Improvement in Accuracy of Multiple Protein
	Alignments by Iterative Refinement as Assessed by Reference to
	Structural Alignments",
  year = 1996,
  journal = JMB,
  volume = "264",
  pages = "823-838"
}

@InProceedings{Grate95,
  author = 	 {L. Grate},
  title = 	 {Automatic {RNA} Secondary Structure Determination
                  with Stochastic Context-Free Grammars},
  pages =        {136-144},
  crossref = "ismb95"
}

@article{GribskovEtal87,
  author = "M. Gribskov and A. D. Mc{L}achlan and D. Eisenberg",
  title = "Profile Analysis: detection of Distantly Related Proteins",
  journal = PNAS,
  year = 1987,
  volume = 84,
  pages = "4355-4358"
}

@article{GribskovEtal90,
  author = {M. Gribskov and R. L{\"u}thy and D. Eisenberg},
  title = "Profile analysis",
  journal = ME,
  volume = 183,
  pages = "146-159",
  year = 1990,
}

@article{GribskovVeretnik96,
  author = "M. Gribskov and S. Veretnik",
  title = "Identification of Sequence Patterns with Profile Analysis",
  journal = ME,
  year = 1996,
  volume = 266,
  pages = "198-212"
}

@Article{Gultyaev91,
  author = 	 {A. P. Gultyaev},
  title = 	 {The Computer Simulation of {RNA} Folding Involving
                  Pseudoknot Formation},
  journal = 	 NAR,
  year = 	 1991,
  volume =	 19,
  pages =	 {2489-2494}
}

@book{Gumbel58,
  author = "E. J. Gumbel",
  title = "Statistics of Extremes",
  publisher = "Columbia University Press",
  address = "New York",
  year = 1958
}

@Article{Gupta95,
  author = 	 {S. K. Gupta and J. D. Kececioglu and A. A. Schaffer},
  title = 	 {Improving the Practical Space and Time Efficiency of
                  the Shortest-Paths Approach to Sum-of-Pairs Multiple
                  Sequence Alignment},
  journal = 	 JComputBiol,
  year = 	 1995,
  volume =	 2,
  pages =	 {459-472}
}

@Article{Gutell92,
  author = 	 "R. R. Gutell and A. Power and G. Z. Hertz and E. J.
		  Putz and G. D. Stormo",
  title = 	 "Identifying Constraints on the Higher-Order
		  Structure of {RNA}: continued Development and
		  Application of Comparative Sequence Analysis Methods",
  journal = 	 NAR,
  year = 	 1992,
  volume = 	 20,
  pages = 	 "5785-5795"
}

@Article{Gutell93,
  author = 	 {R. R. Gutell},
  title = 	 {Collection of Small Subunit ({16S} and {16S}-like)
                  Ribosomal {RNA} Structures},
  journal = 	 NAR,
  year = 	 1993,
  volume =	 21,
  pages =	 {3051-3054}
}

@Article{HHS-89a,
  author = 	"G. Z. Hertz and G. W. Hartzell {III} and G.
		 D. Stormo",
  title = 	"Identification of consensus patterns in unaligned {DNA}
		 sequences known to be functionally related",
  journal = 	CABIOS,
  year = 	1990,
  volume = 6,
  pages = "81-92"
}

@book{HKP:Binder88,
  author = "K. Binder and D. W. Heerman",
  title = "Monte {C}arlo Simulation in Statistical Mechanics",
  publisher = "Springer-Verlag",
  address = "Berlin",
  year =  1988
  }

@article{HannenhalliEtal95,
  author = "S. Hannenhalli and C. Chappey and E. V. Koonin and
		  P. A. Pevsner",
  title = "Genome sequence comparison and scenarios for gene
		  rearrangements: a test case",
  journal = {Genomics},
  volume = 30,
  pages = "299-311",
  year = 1995
}

@Article{Harpaz94,
  author = 	 "Y. Harpaz and C. Chothia",
  title = 	 "Many of the Immunoglobulin Superfamily Domains in
		  Cell Adhesion Molecules and Surface Receptors Belong
		  to a New Structural Set Which is Close to That
		  Containing Variable Domains",
  journal = 	 JMB,
  year = 	 1994,
  volume = 	 238,
  pages = 	 "528-539"
}

@Book{Harrison78,
  author = 	 {M. A. Harrison},
  title = 	 {Introduction to Formal Language Theory},
  publisher = 	 {Addison-Wesley},
  year = 	 1978
}

@article{HasegawaEtal85,
  author = "M. Hasegawa and H. Kishino and T. Yano ",
  title = "Dating the human-ape splitting by a molecular clock of
		  mitochondrial {DNA}",
  journal = JME,
  volume = 22,
  pages = "160-174",
  year = 1985
}


@inproceedings{HausslerEtal93,
  author= {D. Haussler and A. Krogh and I. S. Mian and K. Sj{\"o}lander},
  title= "Protein Modeling using Hidden {M}arkov Models: analysis of Globins",
  booktitle= "Proceedings of the Twenty-Sixth Annual Hawaii International
	Conference on System Sciences",
  editor={T. N. Mudge and V. Milutinovic and L. Hunter},
  volume={1},
  pages={792--802},
  publisher = "IEEE Computer Society Press",
  address="Los Alamitos, CA",
  year= "1993"
}

@article{HebsgaardEtal96,
  author = "S. M. Hebsgaard and P. G. Korning and N. Tolstrup
        and J. Engelbrecht and P. Rouz\'e and S. Brunak",
  title = "Splice site prediction in {A}rabidopsis thaliana pre-m{RNA}
           by combining local and global sequence information",
  journal = NAR,
  volume = 24,
  year = 1996,
  pages = "3439-3452"
}

@article{Hein89a,
  author = "J. Hein",
  title = "A new method that simultaneously aligns and reconstructs
		  ancestral sequences for any number of homologous
		  sequences, when the phylogeny is given.",
  journal = MBE,
  year = "1989",
  volume = "6",
  number = "6",
  pages = "649-668"
}

@article{Hein89b,
  author = "J. Hein",
  title = "A tree reconstruction method that is economical in the
		  number of pairwise comparisons used.",
  journal = MBE,
  year = "1989",
  volume = "6",
  number = "6",
  pages = "669-684"
}

@article{Hein93,
  author = "J. J. Hein",
  title = "A heuristic method to reconstruct the history of sequences
		  subject to recombination",
  journal = JME,
  volume = 36,
  year = 1993,
  pages = "396-405"
}

@article{HendersonEtal96,
  author = "J. Henderson and S. Salzberg and K. H. Fasman",
  title = "Finding Genes in {DNA} with a Hidden {M}arkov Model",
  journal = JCB,
  volume = 4,
  number = 2,
  pages = "127-141",
  year = 1997
}

@article{HendyEtal89,
  author = "M. D. Hendy and D. Penny ",
  title = "A framework for the quantitative study of evolutionary trees",
  journal = SZ,
  volume = 38,
  pages = "297-309",
  year = 1989
}

@Article{Henikoff91,
  author = 	 {S. Henikoff and J. G. Henikoff},
  title = 	 {Automated Assembly of Protein Blocks for Database Searching},
  journal = 	 NAR,
  year = 	 1991,
  volume =	 19,
  pages =	 {6565-6572}
}

@article{HenikoffEtal92,
  author = "S. Henikoff and J. G. Henikoff ",
  title = "Amino acid substitution matrices from protein blocks",
  journal = PNAS,
  volume = 89,
  pages = "10915-10919",
  year = 1992
}

@article{HenikoffHenikoff94,
  author = "S. Henikoff and J. G. Henikoff",
  title = "Position-based sequence weights",
  journal = JMB,
  year = 1994,
  volume = 243,
  number = 4,
  pages = "574-578"
}

@article{HenikoffHenikoff96,
  author = "J. G. Henikoff and S. Henikoff ",
  title = "Using substitution probabilities to improve position-specific
		scoring matrices",
  journal = CABIOS,
  year = 1996,
  volume = 12,
  pages = "135-143"
}

@article{HigginsEtal92,
  author = "D. G. Higgins and A. J. Bleasby and R. Fuchs",
  title = "{CLUSTAL V:} improved software for multiple sequence
        alignment.",
  journal = CABIOS,
  year = 1992,
  volume = 8,
  number = 2,
  pages = "189-191"
}

@article{HigginsSharp89,
  author = "D. G. Higgins and P. M. Sharp ",
  title = "Fast and Sensitive Multiple Sequence Alignments on a Microcomputer",
  journal = CABIOS,
  year = 1989,
  volume = 5,
  pages = "151-153"
}

@article{HillisBull93,
  author = "D. M. Hillis and J. J. Bull ",
  title = "An empirical test of bootstrapping as a method for
		  assessing confidence in phylogenetic analysis",
  journal = SYSB,
  volume = 42,
  pages = "182-192",
  year = 1993
}


@article{HillisEtal92,
  author = "D. M. Hillis and J. J. Bull and M. E. White and M. R. Badgett
		  and I. J. Molineux",
  title = "Experimental phylogenetics: generation of a known phylogeny",
  journal = S,
  volume = 255,
  pages = "589-592",
  year = 1992
}

@article{HirosawaEtal93,
  author = "M. Hirosawa and M. Hoshida and M. Ishikawa and T. Toya",
  title = "{MASCOT}: multiple alignment system for protein sequences
	based on three-way dynamic programming",
  journal = CABIOS,
  year = 1993,
  volume = 9,
  number = 2,
  pages = "161-167"
}

@Article{Hirschberg75,
  author = 	 {D. S. Hirschberg},
  title = 	 {A Linear Space Algorithm for Computing Maximal
                  Common Subsequences},
  journal = 	 CACM,
  year = 	 1975,
  volume =	 18,
  pages =	 {341-343}
}

@article{HogewegHesper84,
  author = "P. Hogeweg  and B. Hesper",
  title = "The alignment of sets of sequences and the 
            construction of phyletic trees: an integrated method",
  journal = JME,
  volume = 20,
  pages = "175-186",
  year = 1984
}

@Article{HolmSander93,
  author =       {L. Holm and C. Sander},
  title =        {Protein Structure Comparison by Alignment of
                  Distance Matrices}, 
  journal =      JMB,
  year =         1993,
  volume =       233,
  pages =        {123-138}
}

@Book{HopcroftUllman79,
  author = 	"J. E. Hopcroft and J. D. Ullman",
  title = 	"Introduction to Automata Theory, Languages, and Computation",
  publisher = 	"Addison-Wesley",
  year = 	1979
}

@Article{HuangZhang96,
  author = 	 {X. Huang and J. Zhang},
  title = 	 {Methods for Comparing a {DNA} Sequence with a
                  Protein Sequence},
  journal = 	 CABIOS,
  year = 	 1996,
  volume =	 12,
  pages =	 {497-506}
}

@article{HuelsenbeckRannala97,
  author = "J. P. Huelsenbeck and B. Rannala ",
  title = "Phylogenetic methods come of age: testing hypotheses in an
		  evolutionary context",
  journal = Science,
  volume = 276,
  pages = "227-232",
  year = 1997
}

@incollection{Hudson90,
  author = "R. R. Hudson ",
  title = "Gene genealogies and the coalescent process",
  booktitle = "Gene Genealogies and the Coalescent Process",
  pages = "1-44",
  editor = "D. Futuyma and J. Antonovics",
  publisher = "Oxford University Press",
  address = "Oxford, UK",
  year = 1990
}

@article{HugheyKrogh96,
  author = {R. Hughey and A. Krogh},
  title = {Hidden {M}arkov models for sequence analysis: extension and
          analysis of the basic method},
  journal = CABIOS,
  year = 1996,
  volume = 12,
  pages = {95-107}
}

@Article{Jacob77,
  author = 	 {F. Jacob},
  title = 	 {Evolution and tinkering},
  journal = 	 Science,
  year = 	 1977,
  volume =	 196,
  pages =	 {1161-1166}
}

@Article{Jefferys92,
  author =       {W. H. Jefferys and J. O. Berger},
  title =        {Ockham's Razor and {B}ayesian Analysis},
  journal =      {American Scientist},
  year =         1992,
  volume =       80,
  pages =        {64-72}
}

@article{JuangRabiner91,
  author = "B. H. Juang and L. R. Rabiner ",
  title = "Hidden {M}arkov models for speech recognition",
  journal = "Technometrics",
  year = "1991",
  number = 3,
  volume = 33,
  pages = "251-272"
}

@incollection{JukesCantor69,
  author = "T. H. Jukes and C. Cantor ",
  title = "Evolution of protein molecules",
  booktitle = "Mammalian Protein Metabolism",
  pages = "21-132",
  publisher = "Academic Press",
  address = "New York",
  year = 1969
}

@Article{Karlin90,
  author = 	 "S. Karlin and S. F. Altschul",
  title = 	 "Methods for Assessing the Statistical Significance
		  of Molecular Sequence Features by Using General
		  Scoring Schemes",
  journal = 	 PNAS,
  year = 	 1990,
  volume = 	 87,
  pages = 	 "2264-2268"
}

@Article{KarlinAltschul93,
  author = 	 "S. Karlin and S. F. Altschul",
  title = 	 "Applications and statistics for multiple high-scoring
		segments in molecular sequences",
  journal = 	 PNAS,
  year = 	 1993,
  volume = 	 90,
  pages = 	 "5873-5877"
}

@InProceedings{Karplus95,
  author = 	 {K. Karplus},
  title = 	 {Evaluating Regularizers for Estimating Distributions
                  of Amino Acids},
  pages =	 {188--196},
  crossref = "ismb95"
}

@book{Keeping95,
  author = "E. S. Keeping ",
  title = "Introduction to Statistical Inference",
  publisher = "Dover Publications",
  address = "New York",
  year = 1995
}


@article{KimEtal94,
  author = "J. Kim and S. Pramanik  and M. J. Chung",
  title = "Multiple sequence alignment using simulated  annealing",
  journal = CABIOS,
  volume = 10,
  pages = "419-426",
  year = 1994
}

@inproceedings{KimPramanik94,
  author = "J. Kim and S. Pramanik",
  title = "An Efficient Method for Multiple Sequence Alignment",
  pages = "212--218",
  crossref = "ismb94"
}

@Article{KimSinha2007,
   Author="Kim, Jaebum and Sinha, Saurabh",
   Title="{{I}ndelign: a probabilistic framework for annotation of insertions and deletions in a multiple alignment}",
   Journal="Bioinformatics",
   Year="2007",
   Volume="23",
   Number="3",
   Pages="289--297",
   Month="Feb"
}


@InProceedings{GrateEtal94,
  author = 	 {L.Grate and M.Herbster and R.Hughey and D.Haussler and I.S.Mian and H.Noller},
  title = 	 {{RNA} modeling using {Gibbs} sampling and stochastic context free grammars},
  crossref =     "ismb94",
  pages = 	 {138-146}
}

@article{Kimura80,
  author = "M. Kimura",
  title = "A simple method for estimating evolutionary rates of base
		  substitutions through comparative studies of
		  nucleotide sequences",
  journal = JME,
  volume = 16,
  pages = "111-120",
  year = 1980
}

@book{Kimura83,
  author = "M. Kimura",
  title = "The Neutral Theory of Molecular Evolution",
  publisher = "Cambridge University Press",
  address = "Cambridge, UK",
  year = 1983
}

@article{Kingman82a,
  author = "J. F. C. Kingman ",
  title = "The coalescent",
  journal = "Stochastic Processes and their Applications",
  volume = 13,
  pages = "235-248",
  year = 1982
}

@article{Kingman82b,
  author = "J. F. C. Kingman ",
  title = "On the genealogy of large populations",
  journal = "Journal of Applied Probability",
  volume = "19A",
  pages = "27-43",
  year = 1982
}

@article{Kirkpatrick83,
  author = "S. Kirkpatrick and C. D. Gelatt Jr. and M. P. Vecchi",
  title = "Optimization by Simulated Annealing",
  journal =  Science,
  volume =  220,
  year =  1983,
  pages = "671-680"
  }

@article{KishinoEtal90,
  author = "H. Kishino and T. Miyata and M. Hasegawa ",
  title = "Maximum likelihood inference of protein phylogeny and the origin of chloroplasts",
  journal = JME,
  volume = 31,
  pages = "151-160",
  year = 1990
}

@Article{Konings89,
  author = 	 "D. A. M. Konings and P. Hogeweg",
  title = 	 "Pattern Analysis of {RNA} Secondary Structure:
		  similarity and Consensus of Minimal-Energy Folding",
  journal = 	 JMB,
  year = 	 1989,
  volume = 	 207,
  pages = 	 "597-614"
}

@Article{KoningsGutell95,
  author = 	 {D. A. M. Konings and R. R. Gutell},
  title = 	 {A Comparison of Thermodynamic Foldings with
                  Comparatively Derived Structures of {16S} and {16S}-Like
                  {rRNAs}},
  journal = 	 {RNA},
  year = 	 1995,
  volume =	 1,
  pages =	 {559-574}
}

@inproceedings{Krogh94,
  author  =  {A. Krogh},
  title = {Hidden {M}arkov Models for Labeled Sequences},
  booktitle="Proceedings of the 12th IAPR International Conference on
		Pattern Recognition",
  publisher="IEEE Computer Society Press",
  address="Los Alamitos, CA",
  pages= "140--144",
  year = 1994
}


@inproceedings{Krogh97a,
  author = "A. Krogh",
  title = "Two methods for improving performance of a {HMM} and their
      application for gene finding",
  crossref = "ismb97",
  year = 1997,
  pages = "179-186"
}

@incollection{Krogh97b,
  author = "A. Krogh",
  title = "An Introduction to Hidden {M}arkov Models for Biological Sequences",
  booktitle = "Computational Biology: Pattern Analysis and Machine
		Learning Methods",
  publisher = "Elsevier",
  address = "Amsterdam",
  editor = "S. Salzberg and D. Searls and S. Kasif",
  chapter = 4,
  year = 1998,
  note = "In press"
}

@incollection{Krogh97c,
  author = "A. Krogh",
  title = "Gene finding: putting the parts together",
  booktitle = "Guide to Human Genome Computing",
  editor = "M. Bishop",
  edition = "2nd",
  year = 1997,
  publisher = "Academic Press",
  note = "To appear"
}

@article{KroghEtal94a,
  author  =  {A. Krogh and M. Brown and I. S. Mian and K. Sj{\"o}lander and
	D. Haussler},
  title  =  "Hidden {M}arkov models in computational biology:
	applications to protein modeling",
  journal  =  JMB,
  volume = 235,
  pages = "1501-1531",
  month= "Feb.",
  year  =  "1994"
}

@article{KroghEtal94b,
  author= "A. Krogh and I. S. Mian and D. Haussler",
  title="A Hidden {M}arkov Model that finds genes in {E}. coli {DNA}",
  journal = NAR,
  volume = 22,
  pages = "4768--4778",
  year = 1994
}

@inproceedings{KroghMitchison95,
  author  =  {A. Krogh and G. J. Mitchison},
  title = {Maximum Entropy Weighting of Aligned Sequences of Proteins
	or {DNA}},
  pages = "215-221",
  crossref = "ismb95"
}

@article{KuhnerEtal95,
  author = "M. K. Kuhner and J. Yamato and J. Felsenstein ",
  title = "Estimating effective population size and mutation rate from
		  sequence data using {M}etropolis--{H}astings sampling",
  journal = GEN,
  volume = 140,
  pages = "1421-1430",
  year = 1995
}

@inproceedings{KulpEtal96,
  author = "D. Kulp and D. Haussler and M. G. Reese and
	F. H. Eeckman",
  title = "A Generalized Hidden {M}arkov Model for the Recognition
	of Human Genes in {DNA}",
  pages = "134-142",
  crossref = "ismb96"
}

@article{LangleyFitch74,
  author = "C. H. Langley and W. M. Fitch ",
  title = "An examination of the constancy of the rate of molecular evolution",
  journal = JME,
  volume = 3,
  pages = "161-177",
  year = 1974
}

@Article{Lari90,
  author = 	 "K. Lari and S. J. Young",
  title = 	 "The Estimation of Stochastic Context-Free Grammars
		  Using the Inside--Outside Algorithm",
  journal = 	 "Computer Speech and Language",
  year = 	 1990,
  volume = 	 4,
  pages = 	 "35-56"
}

@Article{Lari91,
  author = 	 "K. Lari and S. J. Young",
  title = 	 "Applications of Stochastic Context-Free Grammars
		  Using the Inside--Outside Algorithm",
  journal = 	 "Computer Speech and Language",
  year = 	 1991,
  volume = 	 5,
  pages = 	 "237-257"
}

@Article{Larsen93,
  author = 	 "N. Larsen and C. Zwieb",
  title = 	 "The Signal Recognition Particle Database {(SRPDB)}",
  journal = 	 NAR,
  year = 	 1993,
  volume = 	 21,
  pages = 	 "3019-3020"
}

@book{LawKelton91,
  author = "A. M. Law and W. D. Kelton ",
  title = "Simulation Modelling and Analysis",
  publisher = "McGraw-Hill",
  address = "New York, London",
  year = 1991
}


@article{LawrenceEtal93,
  author = "C. E. Lawrence and S. F. Altschul and M. S. Boguski and
	J. S. Liu and A. F. Neuwald and J. C. Wootton",
  title = "Detecting subtle sequence signals: a {G}ibbs sampling
	strategy for multiple alignment",
  journal = Science,
  year = 1993,
  volume = 262,
  number = 5131,
  pages = "208-214"
}

@article{LawrenceReilly90,
  author = "C. E. Lawrence and A. A. Reilly",
  title = "An expectation maximization {(EM)} algorithm for the
	identification and characterization of common sites
	in unaligned biopolymer sequences",
  journal = PROT,
  year = 1990,
  volume = 7,
  number = 1,
  pages = "41-51"
}

@InProceedings{Lefebvre95,
  author = 	 {F. Lefebvre},
  title = 	 {An Optimized Parsing Algorithm Well Suited to {RNA} Folding},
  pages =        {222-230},
  crossref = "ismb95"
}

@InProceedings{Lefebvre96,
  author = 	 {F. Lefebvre},
  title = 	 {A Grammar-Based Unification of Several Alignment and
                  Folding Algorithms},
  pages =        {143-154},
  crossref = "ismb96"
}

@Article{Lindenmayer68,
  author = 	 {A. Lindenmayer},
  title = 	 {Mathematical Models for Cellular Interactions in
                  Development {I.} Filaments with One-Sided Inputs},
  journal = 	 JTB,
  year = 	 1968,
  volume =	 18,
  pages =	 {280-299}
}

@article{LipmanEtal89,
  author = "D. J. Lipman and S. F. Altschul and J. D. Kececioglu",
  title = "A tool for multiple sequence alignment",
  journal = PNAS,
  volume = 86,
  pages = "4412-4415",
  year = 1989
}

@Article{Lisacek94,
  author = 	 "F. Lisacek and Y. Diaz and F. Michel",
  title = 	 "Automatic Identification of Group {I} Intron Cores
		  in Genomic {DNA} Sequences",
  journal = 	 JMB,
  year = 	 1994,
  volume = 	 235,
  pages = 	 "1206-1217"
}

@Article{LoweEddy97,
  author = 	 {T. M. Lowe and S. R. Eddy},
  title = 	 {{tRNAscan-SE}: a Program for Improved Detection of
                  Transfer {RNA} Genes in Genomic Sequence},
  journal = 	 NAR,
  year = 	 1997,
  volume =	 25,
  pages =	 {955-964}
}

@article{LukashinEtal92,
  author = "A. V. Lukashin and J. Engelbrecht  and S.  Brunak",
  title = "Multiple alignment using simulated annealing: branch 
            point definition in human m{RNA} splicing",
  journal = NAR,
  volume = 20,
  pages = "2511-2516",
  year = 1992
}

@article{LuthyEtal91,
  author = "R. Luthy and A. D. Mc{L}achlan and D. Eisenberg",
  title = "Secondary structure-based profiles: use of structure-conserving
	scoring tables in searching protein sequence databases
	for structural similarities",
  journal = "Proteins",
  year = 1991,
  volume = 10,
  number = 3,
  pages = "229-239"
}

@article{LuthyEtal94,
  author = "R. Luthy and I. Xenarios and P. Bucher",
  title = "Improving the sensitivity of the sequence profile method",
  journal = PROTSCI,
  year = 1994,
  volume = 3,
  number = 1,
  pages = "139-146"
}

@article{MacKay92,
  author= "D. J. C. Mac{K}ay",
  title= "Bayesian Interpolation",
  journal = NC,
  volume = "4",
  pages = "415-447",
  year = 1992
}

@article{MacKayPeto95,
  author = "D. J. C.  Mac{K}ay and L. Peto",
  title = "A Hierarchical {D}irichlet Language Model",
  year = 1995,
  journal  = "Natural Language Engineering",
  volume=1,
  number=3,
  pages="1-19"
}

@book{MathewsWalker70,
  author = "J. Mathews and R. L. Walker ",
  title = "Mathematical Methods of Physics",
  publisher = "W. A. Benjamin",
  address = "New York",
  year = 1970
}

@techreport{MauEtal96,
  author = "B. Mau and M. A. Newton and B. Larget ",
  title = "Bayesian phylogenetic inference via {M}arkov chain {M}onte
		  {C}arlo methods",
  institution = "Statistics Department, University of Wisconsin-Madison",
  number = 961,
  year = 1996
}

@Article{Maxwell95,
  author = 	 "E. S. Maxwell and M. J. Fournier",
  title = 	 "The Small Nucleolar {RNAs}",
  journal =	 ARB,
  year =	 1995,
  volume =	 64,
  pages =	 "897-934"
}

@article{McCaskill90,
  author = "J. S. Mc{C}askill",
  title = "The Equilibrium Partition Function and Base Pair Binding
                  Probabilities for {RNA} Secondary Structure",
  journal = "Biopolymers",
  volume = "29",
  year = 1990,
  pages = "1105-1119"
}
@Article{McClure94,
  author = 	 {M. A. Mc{C}lure and T. K. Vasi and W. M. Fitch},
  title = 	 {Comparative Analysis of Multiple Protein-Sequence
                  Alignment Methods},
  journal = 	 JME,
  year = 	 1994,
  volume =	 11,
  pages =	 {571--592}
}

@Article{McKeown92,
  author = 	 "M. Mc{K}eown",
  title = 	 "Alternative {mRNA} Splicing",
  journal = 	 ARCB,
  year = 	 1992,
  volume = 	 8,
  pages = 	 "133-155"
}

@Article{Melefors93,
  author = 	 "O. Melefors and M. W. Hentze",
  title = 	 "Translational Regulation by m{RNA}/Protein
		  Interactions in Eukaryotic Cells: ferritin and
		  Beyond",
  journal = 	 BIOESS,
  year = 	 1993,
  volume = 	 15,
  pages = 	 "85-90"
}

@article{MengRubin92,
  author = "X.-L. Meng and D. B. Rubin",
  title = "Recent Extensions to the {EM} Algorithm",
  journal = "Bayesian Statistics",
  volume = "4",
  pages = "307--320",
  year = "1992",
  myref = "HMM6"
}

@article{MevissenVingron96,
  author = "H. T. Mevissen and M. Vingron",
  title = "Quantifying the local reliability of a sequence alignment",
  journal = PE,
  year = 1996,
  volume = 9,
  number = 2,
  pages = "127-132"
}

@article{Mitchison99,
  author = "G. J. Mitchison",
  title = "A probabilistic treatment of phylogeny and sequence alignment",
  journal = JME,
  year = 1999,
  volume = 49,
  number = 1,
  pages = {11-22}
}

@article{MitchisonDurbin95,
  author = "G. J. Mitchison and R. Durbin",
  title = "Tree-Based Maximal Likelihood Substitution Matrices
	and Hidden {M}arkov Models",
  journal = JME,
  volume = 41,
  pages = "1139-1151",
  year = 1995
}

@article{Miyazawa94,
author = {S. Miyazawa},
title = {A Reliable Sequence Alignment Method Based on Probabilities of
Residue Correspondence},
journal = PE,
year = 1994,
volume = 8,
pages = {999-1009}
}

@Book{Monod71,
  author = 	 {J. Monod},
  title = 	 {Chance and Necessity: An Essay on the Natural
		  Philosophy of Modern Biology},
  publisher = 	 {Knopf},
  year = 	 1971,
  mynote =	 {Olin QH331 M55313}	  
}

@article{Mott92,
author = {R. Mott},
title = {Maximum likelihood estimation of the statistical distribution
		  of {S}mith--{W}aterman local sequence similarity scores},
journal = BMB,
volume = 54,
pages = {59-75},
year = 1992
}

@article{Myers94,
author = {E. W. Myers},
title = {A sublinear algorithm for approximate keyword searching},
journal = {Algorithmica},
year = 1994,
volume = 12,
pages = {345-374}
}

@Article{Myers95,
  author = 	 {E. W. Myers},
  title = 	 {Approximately Matching Context-Free Languages},
  journal = 	 {Information Processing Letters},
  year = 	 1995,
  volume =	 54,
  pages =	 {85-92}
}

@article{MyersMiller88,
author = {W. Miller and E. W. Myers},
title = {Sequence comparison with concave weighting functions},
journal = BMB,
year = 1988,
volume = 50,
pages = {97-120}
}

@Article{MyM-88a,
  author =      "E. W. Myers and W. Miller",
  title =       "Optimal alignments in linear space",
  journal =     CABIOS,
  year =        1988,
  volume =      4,
  number =      1,
  pages =       "11-17"
}

@book{Neal96,
  author = "R. M. Neal ",
  title = "Bayesian Learning in Neural Networks.",
  publisher = "Springer (Lecture Notes in Statistics)",
  address = "New York, Berlin",
  year = 1996
}


@unpublished{NealHinton93,
  author = "R. M. Neal and G. E. Hinton",
  title = "A New View of the {EM} Algorithm that Justifies Incremental
	and Other Variants",
  note = {Preprint, Dept.\ of Computer Science, Univ.\ of Toronto, available from
		ftp://archive.cis.ohio-state.edu/pub/neuroprose/neal.em.ps.Z},
  year = "1993"
}

@incollection{Neyman71,
  author = "J. Neyman ",
  title = "Molecular studies of evolution: a source of novel statistical problems.",
  booktitle = "Statistical Decision Theory and Related Topics",
  editor = "S. S. Gupta and J. Yackel",
  publisher = "Academic Press",
  address = "New York",
  year = 1971
}

@Article{Needleman70,
  author = 	 "S. B. Needleman and C. D. Wunsch",
  title = 	 "A General Method Applicable to the Search for
		  Similarities in the Amino Acid Sequence of Two
		  Proteins",
  journal = 	 JMB,
  year = 	 1970,
  volume = 	 48,
  pages = 	 "443-453"
}

@Article{Noller92,
  author = 	 {H. F. Noller and V. Hoffarth and L. Zimniak},
  title = 	 {Unusual Resistance of Peptidyl Transferase to
                  Protein Extraction Procedures},
  journal = 	 Science,
  year = 	 1992,
  volume =	 256,
  pages =	 {1416-1419}
}

@inproceedings{NormandinMorgera91,
  author = "Y. Normandin and S. D. Morgera",
  title = "An Improved {MMIE} Training Algorithm for Speaker-Independent,
	Small Vocabulary, Continuous Speech Recognition",
  booktitle = "Proceedings of ICASSP '91",
  pages = "537--540",
  year = "1991",
  myref = "HMM15"
}

@Article{Nussinov78,
  author = 	 "R. Nussinov and G. Pieczenik and J. R.
		  Griggs and D. J. Kleitman",
  title = 	 "Algorithms for Loop Matchings",
  journal = 	 SIAM,
  year = 	 1978,
  volume = 	 35,
  pages = 	 "68-82"
}

@Article{Pavesi94,
  author = 	 {A. Pavesi and F. Conterlo and A. Bolchi
                  and G. Dieci and S. Ottonello},
  title = 	 {Identification of New Eukaryotic {tRNA} Genes in
                  Genomic {DNA} Databases by a Multistep Weight Matrix
                  Analysis of Transcriptional Control Regions},
  journal = 	 NAR,
  year = 	 1994,
  volume =	 22,
  pages =	 {1247--1256}
}

@Article{Peltz92,
  author = 	 "S. W. Peltz and A. Jacobson",
  title = 	 "{mRNA} Stability: in Trans-it",
  journal = 	 COCB,
  year = 	 1992,
  volume = 	 4,
  pages = 	 "979-983"
}

@article{Pearson96,
author = {W. R. Pearson},
title = {Effective Protein Sequence Comparison},
journal = ME,
volume = 266,
pages = "227-258",
year = 1996
}

@article{Pearson95,
author = {W. R. Pearson},
title = {Comparison of methods for searching protein sequence databases},
journal = {Protein Science},
volume = 4,
pages = "1145-1160",
year = 1995
}

@article{PearsonLipman88,
author = {W. R. Pearson and D. J. Lipman},
title = {Improved tools for biological sequence comparison},
journal = PNAS,
volume = 4,
pages = "2444-2448",
year = 1988
}

@Article{PearsonMiller92,
  author = 	 {W. R. Pearson and W. Miller},
  title = 	 {Dynamic Programming Algorithms for Biological
                  Sequence Comparison},
  journal = 	 ME,
  year = 	 1992,
  volume =	 210,
  pages =	 {575-601}
}

@inproceedings{PedersenEtal96,
  author = "A. G. Pedersen and P. Baldi and S. Brunak and Y. Chauvin ",
  title = "Characterization of prokaryotic and eukaryotic promoters
        using hidden {M}arkov models",
  pages = "182-191",
  crossref = "ismb96"
}

@Article{Pesole94,
  author = 	 "G. Pesole and M. Attimonelli and C. Saccone",
  title = 	 "Linguistic Approaches to the Analysis of Sequence Information",
  journal = 	 TIBTECH,
  year = 	 1994,
  volume = 	 12,
  pages = 	 "401-408"
}

@Article{Pietrokovski90,
  author = 	 {S. Pietrokovski and J. Hirshon and E. N. Trifonov},
  title = 	 {Linguistic Measure of Taxonomic and Functional
                  Relatedness of Nucleotide Sequences},
  journal = 	 JBSD,
  year = 	 1990,
  volume =	 7,
  pages =	 {1251-1268}
}

@book{PreparataShamos85,
  author = "F. P. Preparata and M. I. Shamos",
  title = "Computational Geometry",
  publisher = "Springer-Verlag",
  address = "New York, Berlin, Heidelberg, Tokyo",
  year = 1985
}

@book{PressEtal92,
  author = "W. H. Press and S. A. Teukolsky and W. Vetterling T.
	and B. P. Flannery",
  title = "Numerical Recipes in {C}",
  publisher = "Cambridge University Press",
  address = "Cambridge, UK",
  year = 1992
}

@article{RabinerJuang86,
  author=   "L. R. Rabiner and B. H. Juang",
  title=    "An Introduction to Hidden {M}arkov Models",
  journal=  "IEEE ASSP Magazine",
  year=     1986,
  volume=   3,
  number=   1,
  pages=    "4-16"
}

@book{RabinerJuang93,
  author = "L. R. Rabiner and B. H. Juang",
  title = "Fundamentals of Speech Recognition",
  publisher= "Prentice-Hall",
  address= "Englewood Cliffs, NJ",
  year=     1993
}

@article{Rabiner89,
  author = 	 "L. R. Rabiner",
  title = 	 "A Tutorial on Hidden {M}arkov Models and Selected
		  Applications in Speech Recognition",
  journal = 	 "Proceedings of the IEEE",
  year = 	 1989,
  volume = 	 77,
  pages = 	 "257-286"
}

@article{RannalaYang96,
  author = "B. Rannala and Z. Yang ",
  title = "Probability distribution of molecular evolutionary trees: a
		  new method of phylogenetic inference",
  journal = JME,
  volume = 43,
  pages = "304-311",
  year = 1996
}

@article{ReeseEtal96,
  author = "M. G. Reese and F. H. Eeckman and D. Kulp and
        D. Haussler",
  title = "Improved Splice Site Detection in {G}enie",
  journal = JCB,
  volume = 4,
  number = 3,
  pages = "311-323",
  year = 1997
}

@article{RenalsEtal94,
  author = "S. Renals and N. Morgan and H. Bourlard and M. Cohen
	and H. Franco",
  title = "Connectionist probability estimators in {HMM} speech recognition.",
  journal = "IEEE Transactions on Speech and Audio Processing",
  year = 1994,
  volume = 2,
  pages = "161-174"
}

@inproceedings{RiisKrogh97,
  author  =  {S. K. Riis and A. Krogh },
  title = {Hidden Neural Networks: a Framework for {HMM/NN} Hybrids},
  booktitle = "Proceedings of ICASSP '97",
  year = "1997",
  publisher = "IEEE",
  address = "New York",
  vol = 4,
  pages = "3233-3236"
}

@book{Ripley96,
  author= "B. D. Ripley",
  title= "Pattern Recognition and Neural Networks",
  publisher= "Cambridge University Press",
  address= "Cambridge, UK",
  year= 1996
}

@Article{Rosenblueth96,
  author = 	 {D. A. Rosenblueth and D. Thieffry and
                  A. M. Huerta and H. Salgado and J. Collado-Vides},
  title = 	 {Syntactic Recognition of Regulatory Regions in {E}scherichia coli},
  journal = 	 CABIOS,
  year = 	 1996,
  volume =	 12,
  pages =	 {415-422}
}

@Article{RussellBarton92,
  author =       {R. B. Russell and G. J. Barton},
  title =        {Multiple Protein Sequence Alignment from Tertiary 
                  Structure Comparison: assignment of Global and 
                  Residue Confidence Levels},
  journal =      PROT,
  year =         1992,
  volume =       14,
  pages =        {309-323}
}

@article{Saitou96,
  author = "N. Saitou ",
  title = "Reconstruction of gene trees from sequence data",
  journal = ME,
  volume = 266,
  pages = "427-448",
  year = 1996
}

@article{SaitouNei87,
  author = "N. Saitou and M. Nei ",
  title = "The neighbor-joining method: a new method for
		  reconstructing phylogenetic trees.",
  journal = MBE,
  volume = 4,
  pages = "406-425",
  year = 1987
}

@Article{Sakakibara94c,
  author = 	 "Y. Sakakibara and M. Brown and R.
                  Hughey and I. Saira Mian and Kimmen Sj{\"o}lander and
                  R. C. Underwood and D. Haussler",
  title = 	 "Stochastic Context-Free Grammars for {tRNA} Modeling",
  journal = 	 NAR,
  year = 	 1994,
  volume = 	 22,
  pages = 	 "5112-5120"
}
	
@article{Sankoff75,
  author = "D. Sankoff ",
  title = "Minimal mutation trees of sequences.",
  journal = SIAM,
  volume = 28,
  pages = "35-42",
  year = 1975
}


@Book{Sankoff83,
  author = 	 {D. Sankoff and J. B. Kruskal},
  title = 	 {Time Warps, String Edits, and Macromolecules: The
                  Theory and Practice of Sequence Comparison},
  publisher = 	 {Addison-Wesley},
  year = 	 1983,
  address =	 {London}
}

@incollection{SankoffCedergren83,
  author = "D. Sankoff and R. J. Cedergren",
  title = "Simultaneous Comparison of Three or More Sequences
	Related by a Tree",
  booktitle = "Time Warps, String Edits, and Macromolecules:
	the Theory and Practice of Sequence Comparison",
  chapter = 9,
  pages = "253-264",
  editor = "D. Sankoff and J. B. Kruskal",
  publisher = "Addison-Wesley",
  address = "Reading, MA",
  year = 1983
}

@article{SankoffEtal73,
  author = "D. Sankoff and C. Morel and R. J. Cedergren",
  title = "Evolution of {5S} {RNA} and the nonrandomness of base replacement.",
  journal = NNB,
  year = "1973",
  volume = "245",
  pages = "232-234"
}

@article{SchneiderStephens90,
  author = "T. D. Schneider and R. M. Stephens",
  title = "Sequence logos: a new way to display consensus sequences",
  journal = NAR,
  year = 1990,
  volume = 18,
  pages = "6097-6100"
}
}

@Article{Schuster94,
  author = 	 {P. Schuster and W. Fontana and P. F. Stadler and
                  I. L. Hofacker},
  title = 	 {From Sequences to Shapes and Back: a Case Study in
                  {RNA} Secondary Structures},
  journal = 	 {Proceedings of the Royal Society:
		  Biological Sciences, Series B},
  year = 	 1994,
  volume =	 255,
  pages =	 {279-284}
}

@Article{Schuster95,
  author = 	 {P. Schuster},
  title = 	 {How to Search for {RNA} Structures. {T}heoretical
                  Concepts in Evolutionary Biotechnology},
  journal = 	 {Journal of Biotechnology},
  year = 	 1995,
  volume =	 41,
  pages =	 {239-257}
}

@inproceedings{SchwartzChow90,
  author = "R. Schwartz and Y.-L. Chow",
  title = "The {N}-best algorithm: an efficient and exact procedure for finding
  the N most likely hypotheses",
  year = "1990",
  booktitle = "Proceedings of ICASSP'90",
  pages = "81-84",
}

@Article{Searls92,
  author = 	 "D. B. Searls",
  title = 	 "The Linguistics of {DNA}",
  journal = 	 "American Scientist",
  year = 	 1992,
  volume = 	 80,
  pages = 	 "579-591"
}

@inproceedings{Searls95,
  author = "D. B. Searls and K. P. Murphy ",
  title = "Automata-theoretic models of mutation and alignment",
  pages = "341-349",
  crossref = "ismb95"
}

@Article{ShapiroWu96,
  author = 	 {B. A. Shapiro and J. C. Wu},
  title = 	 {An Annealing Mutation Operator in the Genetic
                  Algorithms for {RNA} Folding},
  journal = 	 CABIOS,
  year = 	 1996,
  volume =	 12,
  pages =	 {171-180}
}

@article{ShimamuraEtal97,
  author = "M. Shimamura and H. Yasue and K. Ohshima and H. Abe
		  and H. Kato and T. Kishiro and M. Goto and
		  I. Munechika and N. Okada",
  title = "Molecular evidence from retroposons that whales form a
		  clade within even-toed ungulates",
  journal = Nature,
  volume = 388,
  pages = "666-670",
  year = 1997
}

@Article{Shpaer96,
  author = 	 {E. G. Shpaer and M. Robinson and D. Yee and
                  J. D. Candlin and R. Mines and T. Hunkapiller},
  title = 	 {Sensitivity and Selectivity in Protein Similarity
                  Searches: a Comparison of {Smith--Waterman} in
                  Hardware to {\sc BLAST} and {\sc FASTA}},
  journal = 	 {Genomics},
  year = 	 1996,
  volume =	 38,
  pages =	 {179-191}
}

@article{SibbaldArgos90,
  author = "P. R. Sibbald and P. Argos ",
  title = "Weighting aligned protein or nucleic acid sequences to
		  correct for unequal representation",
  journal = JMB,
  volume = 216,
  pages = "813-818",
  year = 1990
}

@article{SjolanderEtal96,
  author={K. Sj{\"o}lander and K. Karplus and M. Brown and R. Hughey and
        A. Krogh and I. S. Mian and  D. Haussler},
  title = {Dirichlet Mixtures: a Method for Improved Detection of Weak
        but Significant Protein Sequence Homology},
  journal = CABIOS,
  year = 1996,
  volume = 12,
  number = 4,
  pages = "327-345"
}

@InProceedings{Sjolander98,
  author = 	 {K. Sj{\"o}lander},
  title = 	 {Phylogenetic inference in protein superfamilies: Analysis of {SH2} domains},
  crossref =  "ismb98"
}

@article{Smith81,
  author = 	 "T. F. Smith and M. S. Waterman",
  title = 	 "Identification of Common Molecular Subsequences",
  journal = 	 JMB,
  year = 	 1981,
  volume = 	 147,
  pages = 	 "195-197",
}

@article{SokalMichener58,
  author = "R. R. Sokal and C. D. Michener ",
  title = "A statistical method for evaluating systematic relationships",
  journal = UKSB,
  volume = 28,
  pages = "1409-1438",
  year = 1958
}

@article{SonnhammerEtal97,
  author = {E. L. L. Sonnhammer and S. R. Eddy and R. Durbin},
  title = {{P}fam: a Comprehensive Database of Protein Domain Families
                  Based on Seed Alignments},
  journal = PROT,
  year = 1997,
  volume = 28,
  pages = "405-420"
}

@Article{Sta-88a,
  author = 	"R. Staden",
  title = 	"Methods to define and locate patterns of motifs in sequences",
  journal = 	CABIOS,
  year = 	1988,
  volume = 	4,
  number = 	1,
  pages = 	"53-60"
}

@Article{Steinberg93,
  author = 	 "S. Steinberg and A. Misch and M. Sprinzl",
  title = 	 "Compilation of {tRNA} Sequences and Sequences of
		  {tRNA} Genes",
  journal = 	 NAR,
  year = 	 1993,
  volume = 	 21,
  pages = 	 "3011-3015"
}

@InProceedings{StolckeOmohundro93,
  author =       "A. Stolcke and S. M. Omohundro",
  title =        "Hidden {M}arkov Model Induction by {B}ayesian Model Merging",
  editor =       "S. J. Hanson and J. D. Cowan and C. L. Giles", 
  volume =       5,
  pages =        "11-18",
  booktitle =    "Advances in Neural Information Processing Systems 5", 
  year =         1993,
  publisher =    "Morgan Kaufmann Publishers, Inc.",
  address =      "San Mateo, CA"
}

@article{Stormo90,
author = {G. D. Stormo},
title = {Consensus patterns in {DNA}},
journal = ME,
volume = 183,
pages = {211-221},
year = 1990
}

@Article{StormoHartzell89,
  author = 	"G. D. Stormo and G. W. Hartzell {III}",
  title = 	"Identifying Protein--Binding Sites From Unaligned {DNA}
		 Fragments",
  journal = 	PNAS,
  year = 	1989,
  volume = 	86,
  pages = 	"1183-1187"
}

@inproceedings{StormoHaussler94,
  author = "G. D. Stormo and D. Haussler",
  title = "Optimally Parsing a Sequence into Different Classes
	Based on Multiple Types of Evidence",
  pages = "369--375",
  crossref = "ismb96"
}

@article{StudierKeppler88,
  author = "J. A. Studier and K. J. Keppler ",
  title = "A note on the neighbour-joining algorithm of {S}aitou and {N}ei",
  journal = MBE,
  volume = 5,
  pages = "729-731",
  year = 1988
}

@article{StultzEtal93,
  author = "C. M. Stultz and J. V. White and T. F. Smith",
  title = "Structural analysis based on state-space modeling",
  journal = "Protein Science",
  year = 1993,
  volume = 2,
  pages = "305-314"
}

@incollection{SwoffordOlsen96,
  author =       {D. L. Swofford and G. J. Olsen },
  title = "Phylogeny reconstruction",
  booktitle = "Molecular Systematics",
  pages = "407-511",
  editor = " D. M. Hillis and C. Moritz",
  publisher = "Sinauer Associates",
  address = "Sunderland, MA",
  year = 1996
}

@Article{TatusovEtal94,
  author = 	 {R. L. Tatusov and S. F. Altschul and E. V. Koonin},
  title = 	 {Detection of Conserved Segments in Proteins:
                  iterative Scanning of Sequence Databases with
                  Alignment Blocks},
  journal = 	 PNAS,
  year = 	 1994,
  volume =	 91,
  pages =	 {12091--12095}
}


@article{Taylor87,
  author = "W. R. Taylor",
  title = "Multiple sequence alignment by a pairwise algorithm",
  journal = CABIOS,
  volume = 3,
  pages = "81-87",
  year = 1987
}

@Article{Thompson94,
  author = 	 "J. D. Thompson and D. G. Higgins and T. J.
		  Gibson",
  title = 	 "Improved Sensitivity of Profile Searches Through the
		  Use of Sequence Weights and Gap Excision",
  journal = 	 CABIOS,
  year = 	 1994,
  volume = 	 10,
  pages = 	 "19-29"
}

@article{ThompsonEtal94a,
  author = "J. D. Thompson and D. G. Higgins and T. J. Gibson ",
  title = "{\sc CLUSTAL W}: improving the Sensitivity of Progressive Multiple 
	Sequence Alignment Through Sequence Weighting, Position Specific 
	Gap Penalties and Weight Matrix Choice",
  journal = NAR,
  volume = 22,
  pages = "4673-4680",
  year = 1994
}

@book{Thompson75,
  author = "E. A. Thompson",
  title = "Human Evolutionary Trees",
  year = 1975,
  publisher = "Cambridge University Press",
  address = "Cambridge, UK"
}

@article{ThorneEtal91,
author = {J. L. Thorne and H. Kishino and J. Felsenstein },
title = {An Evolutionary Model for Maximum Likelihood Alignment of {DNA} Sequences},
journal = JME,
year = 1991,
volume = 33,
pages = {114-124}
}

@article{ThorneEtal92,
  author = "J. L. Thorne and H. Kishino and J. Felsenstein",
  title = "Inching Toward Reality: an Improved Likelihood Model of
	Sequence Evolution",
  journal = JME,
  year = 1992,
  volume = 34,
  pages = "3-16"
}

@Article{TolstrupEtal97,
  author =      "N. Tolstrup and P. Rouz\'{e} and S. Brunak ",
  title =       "A branch point consensus from {A}rabidopsis found by
                non-circular analysis allows for better prediction of
                acceptor sites",
  journal =     NAR,
  year =        1997,
  volume =      25,
  pages =       "3159-3164 "
}

@Article{Tuerk92c,
  author = 	 "C. Tuerk and S. Mac{D}ougal and L. Gold",
  title = 	 "{RNA} Pseudoknots That Inhibit Human
		  Immunodeficiency Virus Type 1 Reverse Transcriptase",
  journal = 	 PNAS,
  year = 	 1992,
  volume = 	 89,
  pages = 	 "6988-6992"
}

@article{Turner87,
   author = "D. H. Turner and N. Sugimoto and J. A. Jaeger and
                  C. E. Longfellow and S. M. Freier and R. Kierzek",
   title = "Improved Parameters for Prediction of {RNA} Structure",
   journal = CSHSQB,
   volume = "52",
   year = 1987,
   pages = "123-133"
}

@Article{Vingron96,
  author = 	 {M. Vingron},
  title = 	 {Near-Optimal Sequence Alignment},
  journal = 	 COSB,
  year = 	 1996,
  volume =	 6,
  pages =	 {346-352}
}

@article{VingronWaterman94,
author = {M. Vingron and M. S. Waterman},
title = {Sequence alignment and penalty choice: review of concepts, case
studies and implications},
journal = JMB,
year = 1994,
volume = 235,
pages = {1-12}
}

@book{Waterman95,
  author = "M. S. Waterman",
  title = "Introduction to Computational Biology",
  publisher = "Chapman \& Hall",
  address = "London",
  year = 1995
}

@article{WatermanEggert87,
author = {M. S. Waterman and M. Eggert},
title = {A new algorithm for best subsequence alignments with application
to t{RNA}--r{RNA} comparisons},
journal = JMB,
year = 1987,
volume = 197,
pages = {723-725}
}

@article{WatermanPerlwitz84,
  author="M. S. Waterman and M. D. Perlwitz",
  title = "Line Geometries for Sequence Comparisons",
  journal = BMB,
  year = "1984",
  volume = 46,
  pages = "567-577"
}


@Article{Watson53,
  author = 	 {J. D. Watson and F. H. C. Crick},
  title = 	 {A Structure for Deoxyribose Nucleic Acid},
  journal = 	 Nature,
  year = 	 1953,
  volume =	 171,
  pages =	 {737-738}
}

@Book{Watson87,
  author = 	 "J. D. Watson and N. H. Hopkins and J. W. Roberts and
		  J. A. Steitz and A. M. Weiner",
  title = 	 "Molecular Biology of the Gene",
  publisher = 	 "Benjamin/Cummings",
  year = 	 1987,
  address = 	 "Menlo Park, CA"
}

@article{WhiteEtal91,
  author="J. V. White and C. M. Stultz and T. F. Smith",
  title = "Protein classification by stochastic modeling and optimal
	filtering of amino-acid sequences",
  journal = "Mathematical Biosciences",
  year = 1994,
  volume = 119,
  pages = "35-75"
}

@article{WilmannsEisenberg93,
  author = "M. Wilmanns and D. Eisenberg",
  title = "Three-dimensional profiles from residue-pair preferences:
	identification of sequences with beta/alpha-barrel fold",
  journal = PNAS,
  year = 1993,
  volume = 90,
  number = 4,
  pages = "1379-1383"
}


@Article{Witherell91,
  author = 	 "G. W. Witherell and J. M. Gott and O. C. Uhlenbeck",
  title = 	 "Specific Interaction Between {RNA} Phage Coat
		  Proteins and {RNA}",
  journal = 	 "Progress in Nucleic Acid Research and Molecular Biology",
  year = 	 1991,
  volume = 	 40,
  pages = 	 "185-220"
}

@incollection{Woese93,
  author = 	 "C. R. Woese and N. R. Pace",
  title = 	 "Probing {RNA} Structure, Function, and History by
		  Comparative Analysis",
  booktitle = "The {RNA} World",
  publisher = "Cold Spring Harbor Laboratory Press",
  year = 	 1993,
  pages = "91-117",
  editor = 	 "R. F. Gesteland and J. F. Atkins",
  address = 	 "New York"
}

@article{WrayEtal96,
  author = "G. A. Wray and J. S. Levinto and L. H. Shapiro ",
  title = "Molecular evidence for deep precambrian divergences among
		  metazoan phyla",
  journal = S,
  volume = 274,
  pages = "568-573",
  year = 1996
}

@article{WuManber92,
author = {S. Wu and U. Manber},
title = {Fast text searching allowing errors},
journal = CACM,
year = 1992,
volume = 35,
pages = {83-90}
}

@Article{YadaEtal97,
  author = "T. Yada and T. Sazuka and M. Hirosawa ",
  title = "Analysis of sequence patterns surrounding the translation
        initiation sites on {C}yanobacterium genome using the hidden
        {M}arkov model",
  journal = "DNA Research",
  year = 1997,
  volume = 4,
  number = 1,
  pages = "1-7"
}

@Article{YadaHirosawa96,
  author = "T. Yada and M. Hirosawa ",
  title = "Detection of short protein coding regions within the
        {C}yanobacterium genome: application of the hidden {M}arkov
        model",
  journal = "DNA Research",
  year = 1996,
  volume = 3,
  number = 6,
  pages = "355-361"
}

@article{Yang93,
  author = "Z. Yang ",
  title = "Maximum-likelihood estimation of phylogeny from {DNA}
		  sequences when substitution rates differ over sites",
  journal = MBE,
  volume = 10,
  pages = "1396-1401",
  year = 1993
}


@article{Yang94,
  author = "Z. Yang ",
  title = "Maximum likelihood phylogenetic estimation from {DNA}
		  sequences with variable rates over sites:
		  approximate methods",
  journal = JME,
  volume = 39,
  pages = "306-314",
  year = 1994
}

@Article{Yang94b,
  author = 	 "Z. Yang",
  title = 	 {Estimating the pattern of nucleotide substitution.},
  journal = 	 JME,
  year = 	 1994,
  volume = 	 39,
  pages = 	 {105-111}
}

@article{Yule24,
  author = "G. U. Yule ",
  title = "A mathematical theory of evolution, based on the
	conclusions of {Dr J.C. Willis, FRS}",
  journal = "Phil. Trans. Roy. Soc. London, B",
  volume = 213,
  pages = "21-87",
  year = 1924
}

@incollection{ZuckerkandelEtal62,
  author =       {E. Zuckerkandel and L. Pauling },
  title = "Molecular disease, evolution and genetic heterogeneity",
  booktitle = "Horizons in Biochemistry",
  pages = "189-225",
  editor = "M. Marsha and B. Pullman",
  publisher = "Academic Press",
  address = "New York",
  year = 1962
}

@Article{Zuker81,
  author = 	 "M. Zuker and P. Stiegler",
  title = 	 "Optimal Computer Folding of Large {RNA} Sequences
		  Using Thermodynamics and Auxiliary Information",
  journal = 	 NAR,
  year = 	 1981,
  volume = 	 9,
  pages = 	 "133-148"
}

@Article{Zuker89,
  author =       "M. Zuker",
  title =        "On Finding All Suboptimal Foldings of an {RNA} Molecule",
  journal =      Science,
  year =         1989,
  volume =       244,
  pages =        "48-52"
}

@Article{Zuker89b,
  author = "M. Zuker",
  title = "Computer prediction of {RNA} Structure.",
  journal = ME,
  volume = "180",
  year = 1989,
  pages = "262-288"
}

@Article{Zuker91,
  author = 	 {M. Zuker},
  title = 	 {Suboptimal Sequence Alignment in Molecular
                  Biology: alignment with Error Analysis},
  journal = 	 JMB,
  year = 	 1991,
  volume =	 221,
  pages =	 {403-420}
}

@Article{vanBatenburg95,
  author = 	 {F. H. D. van Batenburg and A. P. Gultyaev and C. W. A. Pleij},
  title = 	 {An {APL}-programmed Genetic Algorithm for the
                  Prediction of {RNA} Secondary Structure},
  journal = 	 JTB,
  year = 	 1995,
  volume =	 174,
  pages =	 {269--280}
}

@article{Notredame96,
author = {C. Notredame and D. G. Higgins},
title = {{SAGA}: sequence alignment by genetic algorithm},
journal = NAR,
year = {1996},
volume = 24,
number = 8,
pages = {1515-1524}
}


@article{Hwa96,
author = {T. Hwa and M. L{\"a}ssig},
title = {Similarity-detection and localization},
journal = "Physical Review Letters",
year = 1996,
volume = 76,
pages = {2591}
}


@InCollection{Hwa96a,
  author = 	 "T. Hwa",
  title = 	 "From Flux Pinning to {DNA} Sequence Alignment",
  booktitle = 	 "Quantum Coherence and Decoherence",
  publisher =    "Elsevier",
  year = 	 1996,
  editor = 	 "K. Fujikawa and Y. A. Ono",
  pages = 	 "109-114"
}

@InProceedings{Hwa98,
  author =       "T. Hwa and M. L{\"a}ssig",
  title =        "Optimal detection of sequence similarity by local alignment",
  booktitle = 	 "Proceedings of the Second Annual International Conference on Computational Molecular Biology",
  year = 1998,
  editor = "S. Istrail and P. Pevzner and M. S. Waterman",
  pages = "109-116",
  publisher = "{ACM} press",
  address = "New York"
}

@unpublished{DrasdoEtal97a,
  year = 1997,
  author =       "D. Drasdo and T. Hwa and M. L{\"a}ssig",
  title =        "{DNA} sequence alignment and critical phenomena",
  note = {Available from http://matisse.ucsd.edu/\~{}hwa/pub.html}
}

@unpublished{DrasdoEtal97,
  year =         1997,
  author =       "D. Drasdo and T. Hwa and M. L{\"a}ssig",
  title =        "Scaling Laws and Similarity Detection in Sequence Alignment with Gaps",
  note = {Preprint, available from http://matisse.ucsd.edu/\~{}hwa/pub.html}
}

@book{Durbin98,
  author = "R. Durbin and S. Eddy and A. Krogh and G. Mitchison",
  title = "Biological Sequence Analysis: Probabilistic Models of Proteins and Nucleic Acids",
  publisher = "Cambridge University Press",
  address = "Cambridge, UK",
  year = 1998
}

@inproceedings{Zhu97,
author = "J. Zhu and J. Liu and C. Lawrence",
title = "Bayesian adaptive alignment and inference",
crossref = "ismb97",
pages = {358-368}
}

@article{Holmes98,
author = "I. Holmes and R. Durbin",
title = "Dynamic programming alignment accuracy",
journal = JCB,
year = 1998,
volume = 5,
number = 3,
pages = {493-504}
}

@phdthesis{Holmes98b,
author = "I. Holmes",
title = "Studies in probabilistic sequence alignment and evolution",
school = "The Sanger Centre",
year = 1998
}

@article{Holmes99,
author = "I. Holmes",
title = "{GFF} Tools: working the Gene-Finding Format",
note = {{\tt http://www.hgmp.mrc.ac.uk/CCP11/newsletter/vol3\_1/gff.html}},
journal = {CCP11},
year = 1999,
volume = 3,
number = 1
}

@phdthesis{Sonnhammer96,
author = "E. Sonnhammer",
title = "Classification of protein domain families for genomic sequence analysis",
school = "The Sanger Centre",
year = 1996
}

@techreport{Cline98,
title = "On alignment shift and its measures",
author = "M. Cline and K. Karplus",
institution = "University of California Santa Cruz",
year = "1998",
note = "Available from http://www.cse.ucsc.edu/\~{}cline/shiftscore.html"
}

@article{SonnhammerEtal98,
title = "{P}fam: multiple sequence alignments and {HMM}-profiles of protein domains",
author = "E. Sonnhammer and S. Eddy and E. Birney and A. Bateman and R. Durbin",
journal = NAR,
volume = 26,
number = 1,
pages = {320-322},
year = 1998
}

@article{SonnhammerEtal94,
title = "A workbench for large-scale sequence homology analysis",
author = "E. Sonnhammer and R. Durbin",
journal = CABIOS,
volume = 10,
number = 3,
pages = {301-307},
year = 1994
}

@string{ISMBstr = " International Conference on Intelligent Systems
	for Molecular Biology"}


@proceedings{ismb93,
  booktitle= "Proceedings of the First" # ISMBstr,
  title= "Proceedings of the First" # ISMBstr,
  editor="L. Hunter and D. B. Searls and J. Shavlik",
  publisher="AAAI Press",
  address= "Menlo Park, CA",
  year = 1993
}

@proceedings{ismb94,
  booktitle= "Proceedings of the Second" # ISMBstr,
  title= "Proceedings of the Second" # ISMBstr,
  editor="R. Altman and D. Brutlag and P. Karp and R. Lathrop and D. Searls",
  publisher="AAAI Press",
  address= "Menlo Park, CA",
  year = 1994
}

@proceedings{ismb95,
  booktitle= "Proceedings of the Third" # ISMBstr,
  title= "Proceedings of the Third" # ISMBstr,
  editor="C. Rawlings and D. Clark and R. Altman and L. Hunter and T. Lengauer and S. Wodak",
  publisher="AAAI Press",
  address= "Menlo Park, CA",
  year = 1995
}

@proceedings{ismb96,
  booktitle = "Proceedings of the Fourth" # ISMBstr,
  title = "Proceedings of the Fourth" # ISMBstr,
  editor = "D. J. States and P. Agarwal and T. Gaasterland and L. Hunter and R. F. Smith",
  publisher="AAAI Press",
  address= "Menlo Park, CA",
  year = 1996
}

@proceedings{ismb97,
  booktitle = "Proceedings of the Fifth" # ISMBstr,
  title = "Proceedings of the Fifth" # ISMBstr,
  editor = "T. Gaasterland and P. Karp and K. Karplus and C. Ouzounis and C. Sander and A. Valencia",
  publisher="AAAI Press",
  address= "Menlo Park, CA",
  year = 1997
}

@Proceedings{ismb98,
  booktitle = "Proceedings of the Sixth" # ISMBstr,
  title = "Proceedings of the Sixth" # ISMBstr,
  year = 	 1998,
  editor = 	 {J. Glasgow and T. Littlejohn and F. M. R. Lathrop and D. Sankoff and C. Sensen},
  publisher="AAAI Press",
  address= "Menlo Park, CA"
}

@Proceedings{ismb99,
  booktitle = "Proceedings of the Seventh" # ISMBstr,
  title = "Proceedings of the Seventh" # ISMBstr,
  year = 	 1999,
  editor = 	 {T. Lengauer and R. Schneider and P. Bork and D. Brutlag and J. Glasgow and H.-W. Mewes and R. Zimmer},
  publisher="AAAI Press",
  address= "Menlo Park, CA"
}


@unpublished{Jaakkola98,
  author =       "T. S. Jaakkola and D. Haussler",
  title =        "Exploiting generative models in discriminative classifiers",
  year =         1998,
  note = {Preprint, Dept.\ of Computer Science, Univ.\ of California},
  dummy_note = {Preprint, Dept.\ of Computer Science, Univ.\ of California, available from
		http://www.cse.ucsc.edu/\~{}haussler/pubs.html}
}

@Article{Bulmer86,
  author =       "M. Bulmer",
  title =        "Neighbouring base effects on substitution rates in pseudogenes",
  journal =      MBE,
  year =         1986,
  volume =       3,
  pages =        "322-329"
}

@misc{GFF98,
  key = {GFF},
  title =        "{GFF}: an exchange format for gene-finding features",
  note = {Webpage at http://www.sanger.ac.uk/Software/GFF/}
}

@misc{Dust98,
  author =       "R. Tatusov",
  year = 1998,
  note = {Personal communication}
}

@TechReport{Haussler98,
  author =       "D. Haussler",
  title =        "Computational Genefinding",
  institution =   "Computer Science Department, University of California, Santa Cruz",
  year =         1998,
  note = {Preprint; available from http://www.cse.ucsc.edu/research/compbio/research.html}
}

@phdthesis{Mackay92a,
author =       "D. J. C. Mac{K}ay",
title =        "Bayesian Methods for Adaptive Models",
school = "California Institute of Technology",
year = 1992
}


@misc{GPL,
  title =        "The {GNU} {P}ublic {L}icense",
  key = "GPL",
year = 2000,
  note = {Available in full from http://www.fsf.org/copyleft/gpl.html}
}

@article{Viterbi67,
  author = "A. Viterbi",
  title = "Error bounds for convolutional codes and an asymptotically optimum decoding algorithm",
  journal = "IEEE Transactions on Information Theory",
  year = 1967,
  pages = "260-269"
}

@book{Bishop95,
  author = "C. M. Bishop",
  title = "Neural Networks for Pattern Recognition",
  publisher = "Oxford University Press",
  address = "Oxford, UK",
  year = 1995
}

@unpublished{Neal98,
  author = "R. M. Neal",
  title = "Annealed Importance Sampling",
  note = {Technical report no. 9805, Dept.\ of Statistics, Univ.\ of Toronto, available from
		http://www.cs.utoronto.ca/\~{}radford/},
  year = "1998"
}

@unpublished{Neal95,
  author = "R. M. Neal",
  title = "Suppressing Random Walks in {M}arkov {C}hain {M}onte {C}arlo Using Ordered Overrelaxation",
  note = {Technical report no. 9508, Dept.\ of Statistics, Univ.\ of Toronto, available from
		http://www.cs.utoronto.ca/\~{}radford/},
  year = "1995"
}

@Misc{Neal98pc,
  author = 	 {R. M. Neal},
  note = 	 {Personal communication}
}

@book{KarlinTaylor75,
  author = "S. Karlin and H. Taylor",
  title = "A First Course in Stochastic Processes",
  publisher = "Academic Press",
  address = "San Diego, CA",
  year = 1975
}

@article{Neuwald97,
  author = "A. F. Neuwald and J. S. Liu and D. J. Lipman and C. E. Lawrence",
  title = "Extracting protein alignment models from the sequence database",
  journal = NAR,
  year = 1997,
  pages = "1665-1677"
}

@unpublished{Burges98,
  author = "C. J. C. Burges",
  title = "A tutorial on support vector machines for pattern recognition",
  note = {Available from
		http://svm.research.bell-labs.com/SVMdoc.html},
  year = "1998"
}

@unpublished{Mackay97,
  author = "D. J. C. Mac{K}ay",
  title = "Introduction to {G}aussian processes",
  note = {Available from
		http:\-//\-wol.ra.phy\-.cam.ac.uk/ mackay\-/},
  year = "1997"
}

@incollection{Mackay96,
  author =       {D. J. C. Mac{K}ay},
  title = "Density networks and their application to protein modelling",
  booktitle = "Maximum Entropy and Bayesian Methods",
  pages = "259-268",
  publisher = "Kluwer Academic Publishers",
  address = "Netherlands",
  year = 1996
}

@unpublished{Povinelli98,
  author = "M. Povinelli",
  title = "Density Networks with Application to Protein Modelling",
  note = {{M.Phil} thesis, Univ.\ of Cambridge, UK. Available from
		http://www.mit.edu/\~{}mpovinel/pub.html},
  year = "1998"
}

@article{Chothia92,
  author = "C. Chothia",
  title = "One thousand families for the molecular biologist",
  journal = Nature,
  year = 1992,
  volume = 357,
  pages = "543-544"
}


@article{DeRisi97,
  author = "J. L. DeRisi and V. R. Iyer and P. O. Brown",
  title = "Exploring the Metabolic and Genetic Control of Gene Expression on a Genomic Scale",
  journal = Science,
  year = 1997,
  volume = 278,
  pages = "680-686"
}

@Unpublished{Brazma98,
  author = {A. Brazma and I. Jonassen and J. Vilo and E. Ukkonen},
  title = {Predicting Gene Regulatory Elements in Silico on a Genomic Scale},
  note = {Preprint, to appear in Genome Research},
  year = 1998
}

@article{Martinelli97,
  author = "S. D. Martinelli and C. G. Brown and R. Durbin",
  title = "Gene expression and development databases for {C}.elegans",
  journal = "Seminars in Cell and Developmental Biology",
  year = 1997,
  volume = 8,
  pages = "459-467"
}

@article{Agarwal98,
  author = "P. Agarwal and D. J. States",
  title = "Comparative accuracy of methods for protein sequence similarity search",
  journal = BI,
  year = 1998,
  volume = 14,
  pages = "40-47"
}

@article{Zhu98,
  author = "J. Zhu and J. S. Liu and C. E. Lawrence",
  title = "Bayesian adaptive sequence alignment algorithms",
  journal = BI,
  year = 1998,
  volume = 14,
  pages = "25-39"
}

@book{Stryer88,
  author = "L. Stryer",
  title = "Biochemistry",
  publisher = "W.H.Freeman and Company",
  address = "New York",
  year = 1988
}

@article{Waterston98,
  author = "R. Waterston and J. E. Sulston",
  title = "The {H}uman {G}enome {P}roject: reaching the finish line",
  journal = Science,
  year = 1998,
  volume = 282,
  pages = "53-54"
}

@article{Waterston95,
  author = "R. Waterston and J. Sulston",
  title = "The genome of {C}aenorhabditis elegans",
  journal = PNAS,
  year = 1995,
  volume = 92,
  pages = "10836-10840"
}

@article{Fleischmann95,
  author = "R. D. Fleischmann and M. D. Adams and O. White and R. A. Clayton and E. F. Kirkness and A. R. Kerlavage and C. J. Bult and J. F. Tomb and B. A. Dougherty and J. M. Merrick and others",
  title = "Whole-genome random sequencing and assembly of {H}aemophilus influenzae {R}d",
  journal = Science,
  year = 1995,
  volume = 269,
  pages = "496-512"
}

@article{Kass97,
  author = "S. U. Kass and D. Pruss and A. P. Wolffe",
  title = "How does {DNA} methylation repress transcription?",
  journal = TIGS,
  year = 1997,
  volume = 13,
  pages = "444-449"
}

@article{Lamond98,
  author = "A. I. Lamond and W. C. Earnshaw",
  title = "Structure and function in the nucleus",
  journal = Science,
  year = 1998,
  volume = 280,
  pages = "547-553"
}

@article{Brooks98,
  author = "C. L. Brooks",
  title = "Simulations of protein folding and unfolding",
  journal = COSB,
  year = 1998,
  volume = 8,
  pages = "222-226"
}

@article{Shakhnovich97,
  author = "E. I. Shakhnovich",
  title = "Theoretical studies of protein folding thermodynamics and kinetics",
  journal = COSB,
  year = 1997,
  volume = 7,
  pages = "29-40"
}

@misc{PDB,
note={http://www.pdb.bnl.gov/}
}

@unpublished{Goldman98,
  author =       "N. Goldman",
  title =        "Phylogeny with alignment uncertainty",
  year =         1998,
  note = {Preprint, Isaac Newton Institute for the Mathematical Sciences, Univ.\ of Cambridge, UK}
}

@article{MacKay94:BC,
  author =       "D. J. C.  Mac{K}ay",
  title =        "Equivalence of {B}oltzmann Chains and Hidden {M}arkov Models",
  journal =      "Neural Computation",
  year =         1996,
 volume=8,
 number=1,
 pages="178-181",
 ANNOTE ="Date submitted: Nov 1994;
modified 31 March 1995; Date accepted: April 10 1995; Collaborating institutes: none"
}

@Article{VincensEtal98,
  author = "P. Vincens and L. Buffat and C. Andre and J. P. Chevrolat and J. F. Boisvieux and S. Hazout",
  title = "A strategy for finding regions of similarity in complete genome sequences",
  journal = BI,
  year = 1998,
  volume = 14,
  pages = "715-725"
}

@Article{Wootton94,
  author = "J. C. Wootton",
  title = "Non-globular domains in protein sequences: automated segmentation using complexity measures",
  journal = "Computational Chemistry",
  year = 1994,
  volume = 18,
  pages = "269-85"
}

@Book{LandauLifshitz80:StatPhys1,
  author = 	 "L. D. Landau and E. M. Lifshitz",
  title = 	 "Statistical Physics Part {I}",
  publisher = 	 "Pergamon Press",
  year = 	 1980,
  volume = 	 5,
  series = 	 "Course of Theoretical Physics",
  address = 	 "Oxford, UK"
}

@Article{Attwood94a,
  author = "T. K. Attwood and J. B. Findlay",
  title = "Fingerprinting {G}-protein-coupled receptors",
  journal = PE,
  year = 1994,
  volume = 7,
  pages = "195-203"
}

@Misc{Mott98pc,
  author =       "R. Mott",
  note = {Personal communication}
}

@incollection{Jaynes86,
  author = 	 "E. T. Jaynes",
  title = 	 "Bayesian methods: general background",
  booktitle = "Maximum Entropy and {B}ayesian Methods in Applied Statistics",
  publisher = "Cambridge University Press",
  year = 	 1986,
  pages = "1-25",
  editor = 	 "J. H. Justice",
  address = 	 "Cambridge, UK"
}

@Article{Butler98,
  author = "B. A. Butler",
  title = "Sequence analysis using {GCG}",
  journal = "Methods of Biochemical Analysis",
  year = 1998,
  volume = 39,
  pages = "74-97"
}

@unpublished{Clamp98,
  author =       "M. Clamp",
  title =        "Jalview",
  year =         1998,
  note = {In press}
}

@Unpublished{Arvestad99,
  author = 	 {Lars Arvestad},
  title = 	 {Practical algorithms for optimal accuracy alignment},
  note = 	 {In preparation}
}

@article{BrunoArvestad97,
        author="L. Arvestad and W. J. Bruno",
        year=1997,
        title="Estimation of Reversible Substitution Matrices From Multiple Pairs of Sequences",
        journal = JME,
        volume = 45,
        number = 6,
        pages = {696-703}
}

@Article{Bruno96,
  author = 	 {W. J. Bruno},
  title = 	 {Modelling residue usage in aligned protein sequences via maximum likelihood},
  journal = 	 MBE,
  year = 	 {1996},
  volume = 	 {13},
  number = 	 {10},
  pages = 	 {1368-1374}
}

@Article{ThompsonEtal99,
  author = 	 {J. D. Thompson and F. Plewniak and O. Poch},
  title = 	 {A comprehensive comparison of multiple sequence alignment programs},
  journal = 	 NAR,
  year = 	 {1999},
  volume = 	 {27},
  number = 	 {13},
  pages = 	 {2682-2690}
}

@Book{BaxevanisOuellette98,
  editor = 	 {A. Baxevanis and B. F. Francis Ouellette},
  title = 	 {Bioinformatics : A Practical Guide to the Analysis of Genes and Proteins},
  publisher = 	 "John Wiley \& Sons, Inc.",
  year = 	 {1998}
}


@Article{GrundyEtal97,
  author = 	 {W. N. Grundy and T. L. Bailey and C. P. Elkan and Michael E. Baker},
  title = 	 {Meta-{MEME}: Motif-based Hidden {M}arkov Models of Protein Families},
  journal = 	 CABIOS,
  year = 	 {1997},
  volume = 	 {13},
  pages = 	 {397-406}
}

@Article{BirneyEtal96,
  author = 	 {E. Birney and J. D. Thompson and T. J. Gibson},
  title = 	 {{P}air{W}ise and {S}earch{W}ise: finding the optimal alignment in a simultaneous comparison of a protein profile against all {DNA} translation frames},
  journal = 	 NAR,
  year = 	 {1996},
  volume = 	 {24},
  pages = 	 {2730-2739}
}


@Article{PROSITE99,
  author = 	 {K. Hofmann and P. Bucher and L. Falquet and A. Bairoch},
  title = 	 {The {PROSITE} database, its status in 1999},
  journal = 	 NAR,
  year = 	 1999,
  volume = 	 27,
  number =       1,
  pages = 	 {215-219}
}

@Article{ProDom99,
  author = 	 {F. Corpet and J. Gouzy and D. Kahn},
  title = 	 {Recent improvements of the {P}ro{D}om database of protein domain families},
  journal = 	 NAR,
  year = 	 1999,
  volume = 	 27,
  number =       1,
  pages = 	 {263-267}
}



@Article{PRINTS99,
  author = 	 {T. K. Attwood and D. R. Flower and A. P. Lewis and J. E. Mabey and S. R. Morgan and P. Scordis and J. Selley and W. Wright},
  title = 	 {{PRINTS} prepares for the new millennium},
  journal = 	 NAR,
  year = 	 1999,
  volume = 	 27,
  number =       1,
  pages = 	 {220-225}
}



@Article{Pfam99,
  author = 	 {A. Bateman and E. Birney and R. Durbin and S. R. Eddy and R. D. Finn and E. L. Sonnhammer},
  title = 	 {{P}fam 3.1: 1313 multiple alignments match the majority of proteins},
  journal = 	 NAR,
  year = 	 1999,
  volume = 	 27,
  number = 	 1,
  pages = 	 {260-262}
}



@Article{Blocks99,
  author = 	 {J. G. Henikoff and S. Henikoff and S. Pietrokovski},
  title = 	 {New features of the {B}locks {D}atabase servers},
  journal = 	 NAR,
  year = 	 1999,
  volume = 	 27,
  number = 	 1,
  pages = 	 {226-228}
}

@InProceedings{HolmesBruno2000,
  author = 	 {I. Holmes and W. J. Bruno},
  title = 	 {Finding regulatory elements using joint likelihoods for sequence and expression profile data},
  crossref = "ismb2000",
  pages = 	 {202-210}
}

@article{Holmes2003,
  author = 	 {I. Holmes},
  title = 	 {Using guide trees to construct multiple-sequence evolutionary {HMM}s},
  journal = BI,
  volume = "19 Suppl. 1",
  pages = 	 {i147-157},
  year = 2003
}

@Article{Sakakibara2003,
   Author="Sakakibara, Yasubumi",
   Title="{{P}air hidden {M}arkov models on tree structures}",
   crossref="ismb2003",
  Pages="232--240",
   Note="Evaluation Studies"
}

@InProceedings{BockhorstEtAl2003,
  author = 	 {J. Bockhorst and Y. Qiu and J. Glasner and M. Liu and F. Blattner and M. Craven},
  title = 	 {Predicting bacterial transcription units using sequence and expression data},
  crossref = "ismb2003",
  pages = 	 {34-43}
}

@InProceedings{EskinEtAl2000,
  author = 	 {E. Eskin and W. N. Grundy and Y. Singer},
  title = 	 {Protein family classification using sparse {M}arkov transducers},
  crossref =  "ismb2000",
  pages = 	 {134-135}
}

@proceedings{ismb2000,
  booktitle = "Proceedings of the Eighth" # ISMBstr,
  title = "Proceedings of the Eighth" # ISMBstr,
  editor = "P. Bourne and M. Gribskov and R. Altman and N. Jensen and D. Hope and T. Lengauer and J. Mitchell and E. Scheeff and C. Smith and S. Strande and H. Weissig",
  publisher="AAAI Press",
  address= "Menlo Park, CA",
  year = 2000
}

@proceedings{ismb2003,
  booktitle = "Proceedings of the Eleventh" # ISMBstr,
  title = "Proceedings of the Eleventh" # ISMBstr,
  publisher="AAAI Press",
  address= "Menlo Park, CA",
  year = 2003
}



@article{HolmesBruno2001,
  author = 	 {I. Holmes and W. J. Bruno},
  title = 	 {Evolutionary {HMM}s: a {B}ayesian approach to multiple alignment},
  year =         2001,
  journal = BI,
  volume = 17,
  number = 9,
  pages = {803-820}
}

@article{SpellmanEtal98,
  author = { P. T. Spellman and G. Sherlock and M. Q. Zhang and V. R. Iyer and K. Anders and M. B. Eisen and P. O. Brown and D. Botstein and B. Futcher },
  title = {Comprehensive Identification of Cell Cycle-regulated Genes of the Yeast {S}accharomyces cerevisiae by Microarray Hybridization},
  journal = {Molecular Biology of the Cell},
  volume = 9,
  pages = {3273-3297},
  year = 1998
}

@Article{TavazoieEtal99,
  author = 	 {S. Tavazoie and J. D. Hughes and M. J. Campbell and R. J. Cho and G. M. Church},
  title = 	 {Systematic determination of genetic network architecture},
  journal = 	 NG,
  year = 	 1999,
  volume = 	 22,
  pages = 	 {281-285}
}

@Article{RothEtal98,
  author = 	 {F. R. Roth and J. D. Hughes and P. E. Estep and G. M. Church},
  title = 	 {Finding {DNA} Regulatory Motifs within Unaligned Non-Coding Sequences Clustered by Whole-Genome m{RNA} Quantitation},
  journal = 	 NB,
  year = 	 1998,
  volume = 	 16,
number = 10,
  pages = 	 {939-945}
}

@Article{EisenEtal98,
  author = 	 {M. B. Eisen and P. T. Spellman and P. O. Brown and D. Botstein},
  title = 	 {Cluster analysis and display of genome-wide expression patterns},
  journal = 	 PNAS,
  year = 	 1998,
  volume = 	 95,
  pages = 	 {14863-14868}
}

% Broad Patterns of Gene Expression Revealed by Clustering Analysis of Tumor and Normal Colon Tissues Probed by Oligonucleotide Arrays. Proceeding of the National Academy of Sciences of the United States of America. 96:6745-6750, 1999.

@Article{WassermanFickett98,
author = {W. W. Wasserman and J. W. Fickett},
title = {Identification of regulatory regions which confer muscle-specific gene expression},
journal = JMB,
year = 1998,
volume = 278,
number = 1,
pages = {167-181}
}

@Article{Fickett96,
author = {J. W. Fickett},
title = {Quantitative discrimination of {MEF}-2 sites},
journal = MCB,
year = 1996,
volume = 16,
pages = {437-441}
}


@Article{NeuwaldEtal95,
  author = 	 {A. F. Neuwald and J. S. Liu and C. E. Lawrence},
  title = 	 {{G}ibbs motif sampling: detection of bacterial outer membrane protein repeats},
  journal = 	 {PROTSCI},
  year = 	 {1995},
  volume = 	 {4},
  number = 	 {8},
  pages = 	 {1618-1632}
}

@misc{LawrencePersComm,
  author =       "C. E. Lawrence",
  note = {Personal communication},
  year = 1996
}

@misc{KroghPersComm,
  author =       "A. Lawrence",
  note = {Personal communication},
  year = 1999
}


@TechReport{Abrahamsen97,
  author = 	 {P. Abrahamsen},
  title = 	 {A review of {G}aussian random fields and correlation functions},
  institution =  {Norwegian Computing Center},
  year = 	 {1997},
  number = 	 {917},
  address = 	 {Box 114, Blindern, N-0314 Oslo, Norway}
}

@Book{GilksEtal96,
  author = 	 {W. Gilks and S. Richardson and D. Spiegelhalter},
  title = 	 {{M}arkov {C}hain {M}onte {C}arlo in Practice},
  publisher = 	 {Chapman \& Hall},
  address =      {London, UK},
  year = 	 {1996}
}

@misc{Newmat09,
  author =       "R. Davies",
  title = "{N}ewmat09: {C}++ matrix library",
  howpublished = {http://webnz.com/robert/nzc\_nm09.html},
  year = 1999
}

@misc{randlib,
  author =       "B. W. Brown and J. Lovato and K. Russell and J. Venier",
  title = "randlib: Library of Routines for Random Number Generation",
  note = {Department of Biomathematics, Box 237,  The University of Texas, M.D. Anderson Cancer Center, 1515 Holcombe Boulevard, Houston, TX 77030},
  howpublished = {http://odin.mdacc.tmc.edu/},
  year = 1997
}

@misc{Regexp,
  title ="Regexp: {C}++ regular expression classes",
  author = {G. Gascoigne and G. Noer and J. A. Woods and J. Gilmore and H. Spencer},
  year = 1998
}



@Article{Bucher99,
  author = 	 {P. Bucher},
  title = 	 {Regulatory elements and expression profiles},
  journal = 	 COSB,
  year = 	 1999,
  volume = 	 9,
  number = 	 3,
  pages = 	 {400-407}
}

@Article{BrownEtal00,
  author = 	 {M. P. Brown and W. N. Grundy and D. Lin and N. Cristianini and C. W. Sugnet and T. S. Furey and M. Ares and D. Haussler},
  title = 	 {Knowledge-based analysis of microarray gene expression data by using support vector machines},
  journal = 	 PNAS,
  year = 	 2000,
  volume = 	 97,
  number = 	 1,
  pages = 	 {262-267}
}



@InProceedings{DHaeseleer99,
  author = 	 {P. {D'haeseleer} and X. Wen and  S. Fuhrman and R. Somogyi},
  title = 	 {Linear Modeling of {mRNA} expression levels during {CNS} development and injury},
  booktitle = 	 {Pacific Symposium on Biocomputing},
  pages = 	 {41-52},
  year = 	 1999,
  publisher = {World Scientific Publishing Co.},
  address = {Singapore}
}



@Article{ChoEtAl98,
  author = 	 {R. J. Cho and M. J. Campbell and E. A. Winzeler and L. Steinmetz and A. Conway and L. Wodicka and T. G. Wolfsberg and A. E. Gabrielian and D. Landsman and D. J. Lockhart and R. W. Davis},
  title = 	 {A genome-wide transcriptional analysis of the mitotic cell cycle},
  journal = 	 {Molecular Cell},
  year = 	 1998,
  volume = 	 2,
  number = 	 1,
  pages = 	 {65-73}
}

@Article{SMART99,
  author = 	 {C. P. Ponting and J. Schultz and F. Milpetz and P. Bork},
  title = 	 {{SMART}: identification and annotation of domains from signalling and extracellular protein sequences.},
  journal = 	 NAR,
  year = 	 1999,
  volume = 	 27,
  number =       1,
  pages = 	 {229-232}
}

@Article{HalpernBruno98,
  author = 	 {A. L. Halpern and W. J. Bruno},
  title = 	 {Evolutionary distances for protein-coding sequences: modeling site-specific residue frequencies.},
  journal = 	 MBE,
  year = 	 1998,
  volume = 	 15,
  number = 	 7,
  pages = 	 {910-917}
}

@misc{MitchisonPersComm99,
  author =       "G. J. Mitchison",
  year = {1999},
  note = {Personal communication}
}

@Article{HeinEtal2000,
  author = 	 {J. Hein and C. Wiuf and B. Knudsen and M. B. Moller and G. Wibling},
  title = 	 {Statistical alignment: computational properties, homology testing and goodness-of-fit},
  journal = 	 JMB,
  year = 	 2000,
  volume = 	 {302},
  pages = 	 {265-279}
}

@InProceedings{Hein2001,
  author = 	 {J. Hein},
  title = 	 {An Algorithm for Statistical Alignment of Sequences Related by a Binary Tree},
  booktitle = 	 {Pacific Symposium on Biocomputing},
  pages = 	 {179-190},
  year = 	 {2001},
  editor = 	 {R. B. Altman and A. K. Dunker and L. Hunter and K. Lauderdale and T. E. Klein},
  publisher =    {World Scientific},
  address =      {Singapore}
}

@Manual{DartTutorial,
  title = 	 {A {DART} tutorial},
  author = 	 {Ian Holmes},
  organization = {Berkeley Drosophila Genome Project},
  address = 	 {LSA Room 539, UC Berkeley},
  year = 	 {2000},
  note =         {A tutorial for probabilistic methods and hidden {M}arkov models, presented with the aid of the author's software package implementing many common {HMM} algorithms. Available from http://www.fruitfly.org/\~{}ihh/}
}

@Article{BrunoEtal2000,
  author = 	 {W. J. Bruno and N. D. Socci and A. L. Halpern},
  title = 	 {Weighted neighbor joining: a likelihood-based approach to distance-based phylogeny reconstruction},
  journal = 	 MBE,
  year = 	 2000,
  volume = 	 17,
  number = 	 1,
  pages = 	 {189-197}
}

@Article{MorgensternEtAl96,
  author = 	 {B. Morgenstern and A. Dress and T. Werner},
  title = 	 {Multiple {DNA} and protein sequence alignment based on segment-to-segment comparison},
  journal = 	 PNAS,
  year = 	 1996,
  volume = 	 93,
  number = 	 22,
  pages = 	 {12098-12103}
}

@Article{MorgensternEtAl98,
  author = 	 {MorgensternEtAl98},
  title = 	 {B. Morgenstern and K. Frech and A. Dress and T. Werner},
  journal = 	 BI,
  year = 	 1998,
  volume = 	 14,
  number = 	 3,
  pages = 	 {290-294}
}

@Article{KarplusEtal98,
  author = 	 {K. Karplus and C. Barrett and R. Hughey},
  title = 	 {Hidden {M}arkov models for detecting remote protein homologies},
  journal = 	 BI,
  year = 	 1998,
  volume = 	 14,
  number = 	 10,
  pages = 	 {846-856}
}

@misc{ThornePersComm00,
  author =       "J. L. Thorne",
  year = {2000},
  note = {Personal communication}
}


@Article{Eddy99,
  author = 	 {S. R. Eddy},
  title = 	 {Noncoding {RNA} genes},
  journal = 	 COGD,
  year = 	 1999,
  volume = 	 9,
  number = 	 6,
  pages = 	 {695-699}
}

@Article{RivasEddy99,
  author = 	 {E. Rivas and S. R. Eddy},
  title = 	 {A dynamic programming algorithm for {RNA} structure prediction including pseudoknots},
  journal = 	 JMB,
  year = 	 1999,
  volume = 	 285,
  number = 	 5,
  pages = 	 {2053-2068}
}

@Article{RivasEddy2000,
  author = 	 {E. Rivas and S. R. Eddy},
  title = 	 {The language of {RNA}: a formal grammar that includes pseudoknots},
  journal = 	 BI,
  year = 	 2000,
  volume = 	 16,
  number = 	 4,
  pages = 	 {334-340}
}

@Article{Attwood2000,
  author = 	 {T. K. Attwood},
  title = 	 {The quest to deduce protein function from sequence: the role of pattern databases.},
  journal = 	 {The international journal of biochemistry and cell biology},
  year = 	 2000,
  volume = 	 32,
  number = 	 2,
  pages = 	 {139-155}
}

@Article{ShapiroZhang90,
  author = 	 {B. A. Shapiro and K. Z. Zhang},
  title = 	 {Comparing multiple {RNA} secondary structures using tree comparisons},
  journal = 	 CABIOS,
  year = 	 1990,
  volume = 	 6,
  number = 	 4,
  pages = 	 {309-318}
}

@Article{ChenEtal90,
  author = 	 {J. H. Chen and S. Y. Le and B. Shapiro and K. M. Currey and J. V. Maizel},
  title = 	 {A computational procedure for assessing the significance of {RNA} secondary structure},
  journal = 	 CABIOS,
  year = 	 1990,
  volume = 	 6,
  number = 	 1,
  pages = 	 {7-18}
}

@Article{LeEtal89,
  author = 	 {S. Y. Le and J. Owens and R. Nussinov and J. H. Chen and B. Shapiro and J. V. Maizel},
  title = 	 {{RNA} secondary structures: comparison and determination of frequently recurring substructures by consensus},
  journal = 	 CABIOS,
  year = 	 1989,
  volume = 	 5,
  number = 	 3,
  pages = 	 {205-210}
}

@Article{MargalitEtal89,
  author = 	 {H. Margalit and B. A. Shapiro and A. B. Oppenheim and J. V. Maizel},
  title = 	 {Detection of common motifs in {RNA} secondary structures},
  journal = 	 NAR,
  year = 	 1989,
  volume = 	 17,
  number = 	 12,
  pages = 	 {4829-4845}
}

@Article{Shapiro88,
  author = 	 {B. A. Shapiro},
  title = 	 {An algorithm for comparing multiple {RNA} secondary structures},
  journal = 	 CABIOS,
  year = 	 1988,
  volume = 	 4,
  number = 	 3,
  pages = 	 {387-393}
}

@Article{WuchtyEtal99,
  author = 	 {S. Wuchty and W. Fontana and I. L. Hofacker and P. Schuster},
  title = 	 {Complete suboptimal folding of {RNA} and the stability of secondary structures},
  journal = 	 {Biopolymers},
  year = 	 1999,
  volume = 	 49,
  number = 	 2,
  pages = 	 {145-165}
}

@Article{BashirullahEtal98,
  author = 	 {A. Bashirullah and R. L. Cooperstock and H. D. Lipshitz},
  title = 	 {{RNA} localization in development},
  journal = 	 ARB,
  year = 	 1998,
  volume = 	 67,
  pages = 	 {335-394}
}

@Article{Proudfoot91,
  author = 	 {N. Proudfoot},
  title = 	 {Poly{(A)} signals},
  journal = 	 CELL,
  year = 	 1991,
  volume = 	 64,
  number = 	 4,
  pages = 	 {671-674}
}

@Article{LaiPosakony98,
  author = 	 {E. C. Lai and J. W. Posakony},
  title = 	 {Regulation of {Drosophila} neurogenesis by {RNA:RNA} duplexes?},
  journal = 	 CELL,
  year = 	 1998,
  volume = 	 93,
  number = 	 7,
  pages = 	 {1103-1104}
}

@TechReport{BafnaEtal96,
  author = 	 {V. Bafna and S. Muthukrishnan and R. Ravi},
  title = 	 {Similarity between {RNA} strings},
  institution =  {Center for Discrete Mathematics and Theoretical Computer Science},
  year = 	 {1996}
}

@TechReport{NajfeldHavel94,
  author = 	 {I. Najfeld and T. F. Havel},
  title = 	 {Derivatives of the matrix exponential and their computation},
  institution =  {Biological Chemistry and Molecular Pharmacology, Harvard Medical School},
  year = 	 1994,
  number = 	 {TR-33-94},
  address = 	 {Boston, MA, 02115-5718},
  month = 	 {November},
  note = 	 {Available at ftp.das.harvard.edu/techreports/tr-33-94.ps.gz}
}

@Article{MichalekTimmer99,
  author = 	 {S. Michalek and J. Timmer},
  title = 	 {Estimating rate constants in Hidden {M}arkov Models by the {EM} algorithm},
  journal = 	 {IEEE Transactions in Signal Processing},
  year = 	 1999,
  volume = 	 47,
  pages = 	 {226-228},
}

@Book{DaleyVereJones88,
  author = 	 {D. J. Daley and D. Vere-Jones},
  title = 	 {An introduction to the theory of point processes},
  publisher = 	 {Springer-Verlag},
  year = 	 1988,
  series = 	 {Springer Series in Statistics},
  address = 	 {New York},
  note =         {ISBN 0-387-96666-8}
}

@Book{Pearl88,
  author = 	 {J. Pearl},
  title = 	 {Probabilistic Reasoning in Intelligent Systems},
  publisher = 	 {Morgan Kaufmann Publishers},
  year = 	 1988,
  address = 	 {San Mateo, California}
}

@misc{GiegerichSystematic,
    author = "Robert Giegerich",
    title = "A Systematic Approach to Dynamic Programming in Bioinformatics",
    url = "citeseer.nj.nec.com/308834.html"
}

@article{OhlerNiemann2001,
author = "U. Ohler and H. Niemann",
title = "Identification and analysis of eukaryotic promoters: recent computational approaches",
journal = TIGS,
year = 2001,
volume = 17,
number = 2,
pages = {56-60}
}

@misc{EisenPersComm2000,
  author =       "M. Eisen",
  year = 2000,
  note = {Personal communication}
}

@InProceedings{BarashFriedman2001,
  author = 	 "Y. Barash and N. Friedman",
  title = 	 {Context-Specific Bayesian Clustering for Gene Expression Data},
  crossref =  {recomb2001},
  pages = 	 {12-21}
}

@InProceedings{FriedmanEtal2001,
  author = 	 "N. Friedman and M. Ninio and I. Pe'er and T. Pupko",
  title = 	 {A Structural {EM} Algorithm for Phylogenetic Inference},
  crossref =  {recomb2001}
}

@proceedings{recomb2001,
  booktitle = "Proceedings of the Fifth Annual International Conference on Computational Biology",
  title = "Proceedings of the Fifth Annual International Conference on Computational Biology",
  editor = "T. Lengauer and D. Sankoff and S. Istrail and P. Pevzner and M. Waterman",
  year = 	 {2001},
  publisher = {Association for Computing Machinery},
  address = {New York}
}

@Article{FriedmanEtAl2002,
  author = 	 {N. Friedman and M. Ninio and I. Pe'er and T. Pupko},
  title = 	 {A Structural {EM} Algorithm for Phylogenetic Inference},
  journal = 	 JCB,
  year = 	 2002,
  volume = 	 9,
  pages = 	 {331-353}
}

@Article{YangEtal94,
  author = 	 {Z. Yang and N. Goldman and A. Friday},
  title = 	 {Comparison of models for nucleotide substitution used in maximum-likelihood phylogeny estimation},
  journal = 	 MBE,
  year = 	 1994,
  volume = 	 11,
  pages = 	 {316-324}
}

@Article{Yang95,
  author = 	 {Z. Yang},
  title = 	 {On the general reversible {M}arkov process model of nucleotide substitution: a reply to {S}accone {\em et al}},
  journal = 	 JME,
  year = 	 1995,
  volume = 	 41,
  pages = 	 {254-255}
}

@Article{Yang95b,
  author = 	 {Z. Yang},
  title = 	 {A space-time process model for the evolution of {DNA} sequences.},
  journal = 	 GEN,
  year = 	 1995,
  volume = 	 139,
  pages = 	 {993-1005}
}

@Article{BatemanEtal2000,
  author = 	 {A. Bateman and E. Birney and R. Durbin and S. R. Eddy and K. L. Howe and E. L. L. Sonnhammer},
  title = 	 {The {P}fam protein families database},
  journal = 	 NAR,
  year = 	 2000,
  volume = 	 28,
  pages = 	 {263-266}
}

@article{DillEtal95,
    author = "K. Dill and S. Bromberg and K. Yue and K. Fiebig and D. Yeo and P. Thomas
      and H. Chan",
    title = "Principles of protein folding: a perspective from simple exact models",
    journal = PROTSCI,
    volume = 4,
    pages = {561-602},
    year = "1995"
}

@Article{KoshiGoldstein95,
  author = 	 {J. M. Koshi and R. A. Goldstein},
  title = 	 {Context-dependent optimal substitution matrices},
  journal = 	 PE,
  year = 	 1995,
  volume = 	 8,
  pages = 	 {641-645}
}

@InProceedings{DimmicEtAl2000,
  author = 	 {M. W. Dimmic and D. P. Mindell and R. A. Goldstein},
  title = 	 {Modeling Evolution at the Protein Level Using an Adjustable Amino Acid Fitness Model},
  booktitle = 	 {Proceedings of the Fifth Pacific Symposium on Biocomputing},
  year = 2000,
  pages = 	 {18-29}
}

@InProceedings{KoshiGoldstein2001,
  author = 	 {J. M. Koshi and R. A. Goldstein},
  title = 	 {Analyzing Rate Heterogeneity During Protein Evolution},
  booktitle = 	 {Proceedings of the Sixth Pacific Symposium on Biocomputing},
  year =         2001,
  pages = 	 {191-202}
}

@Article{ThorneEtAl96,
  author = 	 {J. L. Thorne and N. Goldman and D. T. Jones},
  title = 	 {Combining protein evolution and secondary structure},
  journal = 	 MBE,
  year = 	 1996,
  volume = 	 13,
  pages = 	 {666-673}
}

@Article{GoldmanEtAl96,
   Author="N. Goldman and J. L. Thorne and D. T. Jones",
   Title="{Using evolutionary trees in protein secondary structure prediction and other comparative sequence analyses}",
   Journal=JMB,
   Year="1996",
   Volume="263",
   Number="2",
   Pages={196-208},
   Month="Oct"
}

@Article{LioGoldman99,
  author = 	 {P. Li\`{o} and N. Goldman},
  title = 	 {Using protein structural information in evolutionary inference: transmembrane proteins},
  journal = 	 MBE,
  year = 	 1999,
  volume = 	 16,
  pages = 	 {1696-1710}
}

@Article{SteelHein2001,
  author = 	 {M. Steel and J. Hein},
  title = 	 {Applying the {T}horne-{K}ishino-{F}elsenstein model to sequence evolution on a star-shaped tree},
  journal = 	 {Applied Mathematics Letters},
  year = 	 2001,
  volume = 	 14,
  number = 	 6,
  pages = 	 {679-684}
}

@InProceedings{MiklosEtal2001,
  author = 	 {I. Mikl\'{o}s and Z. Toroczkai},
  title = 	 {An Improved Model for Statistical Alignment},
  year = 	 {2001},
  booktitle =    {First Workshop on Algorithms in Bioinformatics},
  publisher =    {Springer-Verlag},
  address =      {Berlin, Heidelberg}
}

@Unpublished{HolmesBruno99,
  author = 	 {I. Holmes and W. J. Bruno},
  title = 	 {Handel Operatics for Alignment, Phylogeny and Profiling},
  note = 	 {Poster presentation, ISMB conference, Heidelberg, Germany},
  year = 	 {1999}
}

@Article{Miklos2002,
  author = 	 {I. Mikl\'{o}s},
  title = 	 {An improved algorithm for statistical alignment of sequences related by a star tree},
  journal = 	 {Bulletin of Mathematical Biology},
  year = 	 2002,
  volume = 	 64,
  number = 	 4,
  pages = 	 {771-779}
}

@Article{MetzlerEtAl2001,
  author = 	 {D. Metzler and R. Fleissner and A. von Haeseler and A. Wakolbinger},
  title = 	 {Assessing variability by joint sampling of alignments and mutation rates},
  journal = 	 JME,
  year = 	 2001,
  volume = 	 53,
  number = 	 6,
  pages = 	 {660-669}
}

@Article{Metzler2003,
  author = 	 {Dirk Metzler},
  title = 	 {Statistical Alignment based on fragment insertion and deletion models},
  journal = 	 BI,
  year = 	 2003,
  volume = 19,
  number = 4,
  pages = {490-499}
}

@Article{BrunoHalpern99,
  author = 	 {W. J. Bruno and A. L. Halpern},
  title = 	 {Topological bias and inconsistency of maximum likelihood using wrong models},
  journal = 	 MBE,
  year = 	 1999,
  volume = 	 16,
  pages = 	 {564-566}
}

@Unpublished{HolmesRubin2002a,
  author = 	 {I. Holmes and G. M. Rubin},
  title = 	 {Pairwise {RNA} structure comparison using stochastic context-free grammars},
  note = 	 {Pacific Symposium on Biocomputing, 2002}
}

@Article{HolmesRubin2002b,
  author = 	 {I. Holmes and G. M. Rubin},
  title = 	 {An {E}xpectation {M}aximization algorithm for training hidden substitution models},
  journal = JMB,
  volume = 317,
  number = 5,
  pages = {757-768},
  year = 2002
}

@Article{KnudsenHein99,
  author = 	 {B. Knudsen and J. Hein},
  title = 	 {{RNA} secondary structure prediction using stochastic context-free grammars and evolutionary history},
  journal = 	 BI,
  year = 	 1999,
  volume = 	 15,
  number = 	 6,
  pages = 	 {446-454}
}

@Article{KnudsenHein2003,
   Author="B. Knudsen and J. Hein",
   Title="{Pfold: {RNA} secondary structure prediction using stochastic context-free grammars}",
   Journal=NAR,
   Year="2003",
   Volume="31",
   Number="13",
   Pages={3423-3428},
   Month="Jul",
   Note="Evaluation Studies"
}

@Article{PedersenEtAl2006,
   Author="J. S. Pedersen and G. Bejerano and A. Siepel and K. Rosenbloom and K. Lindblad-Toh and E. S. Lander and J. Kent and W. Miller and D. Haussler",
   Title="{Identification and classification of conserved RNA secondary structures in the human genome}",
   Journal=PLOSCOMPBIO,
   Year="2006",
   Volume="2",
   Number="4",
   Pages="e33",
   Month="Apr"
}

@Unpublished{MacpheeMacKay96,
  author =       "K. Macphee and D. J. C. MacKay",
  title =        "Ensemble Learning for Hidden {M}arkov Models",
  note =         "in preparation",
  year =         1996,
  annote =       ""
}

@Article{RivasEtal2001,
  author = 	 {E. Rivas and R. J. Klein and T. A. Jones and S. R. Eddy},
  title = 	 {Computational identification of noncoding {RNA}s in {E. coli} by comparative genomics},
  journal = 	 {Current Biology},
  year = 	 2001,
  volume = 	 11,
  pages = 	 {1369-1373}
}

@Article{RivasEddy2001,
  author = 	 {E. Rivas and S. R. Eddy},
  title = 	 {Noncoding {RNA} gene detection using comparative sequence analysis},
  journal = 	 BMCBI,
  year = 	 2001,
  volume = 	 2,
  number = 	 8
}

@Article{KleinEddy2003,
  author = 	 {R. Klein and S. R. Eddy},
  title = 	 {Noncoding {RNA} gene detection using comparative sequence analysis},
  journal = 	 BMCBI,
  year = 	 2003,
  volume = 	 4,
  number = 	 44
}

@Article{MetropolisEtal53,
  author = 	 {N. Metropolis and A. W. Rosenbluth and M. N. Rosenbluth and A. H. Teller and E. Teller},
  title = 	 {Equations of state calculations by fast computing machines},
  journal = 	 {Journal of Chemical Physics},
  year = 	 1953,
  volume = 	 21,
  pages = 	 {1087-1092}
}

@Article{Hastings70,
  author = 	 {W. K. Hastings},
  title = 	 {{M}onte {C}arlo Sampling using {M}arkov Chains and their Applications},
  journal = 	 {Biometrika},
  year = 	 1970,
  volume = 	 57,
  pages = 	 {97-109}
}

@Article{Eddy98,
  author = 	 {S. R. Eddy},
  title = 	 {Profile hidden {M}arkov models},
  journal = 	 BI,
  year = 	 1998,
  volume = 	 14,
  pages = 	 {755-763}
}

@InProceedings{Abe94,
  author = "N. Abe and H. Mamitsuka",
  title = "Prediction of Beta-Sheet Structures Using Stochastic Tree Grammars",
  booktitle = 	 {Proceedings {G}enome {I}nformatics {W}orkshop {V}},
  pages = 	 {19-28},
  year = 	 1994,
  publisher = {Universal Academy Press}
}

@inproceedings{Uemura95,
    author = "Y. Uemura and A. Hasegawa and S. Kobayashi and T. Yokomori",
    title = "Grammatically Modeling and Predicting {RNA} Secondary Structures",
    booktitle = "Proceedings {G}enome {I}nformatics {W}orkshop {VI}",
    pages = "67-76",
    year = "1995"
}

@Article{HofackerEtAl94,
  author = 	 {I. L. Hofacker and W. Fontana and P. F. Stadler and S. Bonhoeffer and M. Tacker and P. Schuster},
  title = 	 {Fast Folding and Comparison of {RNA} Secondary Structures},
  journal = 	 {Monatshefte f\"{u}r Chemie},
  year = 	 1994,
  volume = 	 125,
  pages = 	 {167-188}
}

@Article{RenomEtal2001,
  author = 	 {M. A. Mart\'{i}-Renom and V. A. Ilyin and A. Sali},
  title = 	 {{DBAli}: A database of protein structure alignments},
  journal = 	 BI,
  year = 	 2001,
  volume = 	 17,
  pages = 	 {746-747}
}

@Article{McCueEtAl2001,
  author = 	 {L. McCue and W. Thompson and C. Carmack and M. P. Ryan and J. S. Liu and V. Derbyshire and C. E. Lawrence},
  title = 	 {Phylogenetic footprinting of transcription factor binding sites in proteobacterial genomes},
  journal = 	 NAR,
  year = 	 2001,
  volume = 	 29,
  number = 	 3,
  pages = 	 {774-782}
}

@Article{MathewsEtAl99,
  author = 	 {D. H. Mathews and J. Sabina and M. Zucker and D. H. Turner},
  title = 	 {Expanded sequence dependence of thermodynamic parameters provides robust prediction of {RNA} secondary structure},
  journal = 	 JMB,
  year = 	 1999,
  volume = 	 288,
  pages = 	 {911-940}
}

@Article{KlostermanEtAl2002,
  author = 	 {P. S. Klosterman and M. Tamura and S. R. Holbrook and S. E. Brenner},
  title = 	 {{SCOR}: a structural classification of {RNA} database},
  journal = 	 NAR,
  year = 	 2002,
  volume = 	 30,
  pages = 	 {392-394}
}

@Article{KlostermanEtAl2004,
  author = 	 {P. S. Klosterman and D. K. Hendrix and M. Tamura and S. R. Holbrook and S. E. Brenner},
  title = 	 {Three-dimensional motifs from the {SCOR}, structural classification of {RNA} database: extruded strands, base triples, tetraloops and {U}-turns},
  journal = 	 NAR,
  year = 	 2004,
  volume = 	 32,
  number = 	 8,
  pages = 	 {2342-2352}
}

@Article{GriffithsJonesEtAl2003,
  author = 	 {S. Griffiths-Jones and A. Bateman and M. Marshall and A. Khanna and S. R. Eddy},
  title = 	 {Rfam: an {RNA} family database},
  journal = 	 NAR,
  year = 	 2003,
  volume = 	 31,
  number = 	 1,
  pages = 	 {439-441}
}

@Article{WhelanGoldman2001,
  author = 	 {S. Whelan and N. Goldman},
  title = 	 {A general empirical model of protein evolution derived from multiple protein families using a maximum-likelihood approach.},
  journal = 	 MBE,
  year = 	 2001,
  volume = 	 18,
  number = 	 5,
  pages = 	 {691-699}
}

@Article{ElstonStewart71,
  author = 	 {R. C. Elston and J. Stewart},
  title = 	 {A general model for the genetic analysis of pedigree data.},
  journal = 	 {Human Heredity},
  year = 	 1971,
  volume = 	 21,
  number = 	 6,
  pages = 	 {523-542}
}

@article{MiklosLunterHolmes2004,
  author =  {I. Mikl\'{o}s and G. Lunter and I. Holmes},
  title =   {A long indel model for evolutionary sequence alignment},
  journal = MBE,
  year =    2004,
  volume =  21,
  number =  3,
  pages =   {529-540}
}

@article{KnudsenMiyamoto2003,
  author = 	 {B. Knudsen and M. Miyamoto},
  title = 	 {Sequence Alignments and Pair Hidden {M}arkov Models Using Evolutionary History},
  journal = JMB,
  year = 2003,
  volume = 333,
  number = 2,
  pages = {453-460}
}

@Article{PedersenHein2003,
  author = 	 {J. S. Pedersen and J. Hein},
  title = 	 {Gene finding with a hidden {M}arkov model of genome structure and evolution},
  journal = 	 BI,
  year = 	 2003,
  volume = 	 19,
  number = 	 2,
  pages = 	 {219-227}
}

@Article{WilliamsMarzluff95,
  author = 	 {A. S. Williams and W. F. Marzluff},
  title = 	 {The sequence of the stem and flanking sequences at the 3' end of histone {mRNA} are critical determinants for the binding of the stem-loop binding protein},
  journal = 	 NAR,
  year = 	 1995,
  volume = 	 23,
  pages = 	 {654-662}
}

@Article{MathewsTurner02,
  author = 	 {D. H. Mathews and D. H. Turner},
  title = 	 {Dynalign: an algorithm for finding the secondary structure common to two {RNA} sequences},
  journal = 	 JMB,
  year = 	 2002,
  volume = 	 317,
  number = 	 2,
  pages = 	 {191-203}
}

@Article{MandalEtAl03,
  author = 	 {M. Mandal and B. Boese and J. E. Barrick and W. C. Winkler and R. R. Breaker},
  title = 	 {Riboswitches Control Fundamental Biochemical Pathways in {Bacillus subtilis} and Other Bacteria.},
  journal = 	 CELL,
  year = 	 2003,
  volume = 	 113,
  pages = 	 {577-586}
}

@Book{DesignPatterns95,
  author = 	 {E. Gamma and R. Helm and R. Johnson and J. Vlissides},
  title = 	 {Design Patterns: Elements of Reusable Object-Oriented Software},
  publisher = 	 {Addison-Wesley},
  year = 	 1995
}

@Book{Stroustrup00,
  author = 	 {B. Stroustrup},
  title = 	 {The {C++} Programming Language (Special Edition)},
  publisher = 	 {Addison-Wesley},
  year = 	 2000
}

@Book{Austern99,
  author = 	 {M. H. Austern},
  title = 	 {Generic Programming and the {STL}: Using and Extending the {C++} {S}tandard {T}emplate {L}ibrary},
  publisher = 	 {Addison-Wesley},
  year = 	 1999
}

@Article{Sankoff85,
  author = 	 {D. Sankoff},
  title = 	 {Simultaneous solution of the {RNA} folding, alignment, and protosequence problems},
  journal = 	 SIAM,
  year = 	 1985,
  volume = 	 45,
  pages = 	 {810-825}
}

@Article{GorodkinEtAl97,
  author = 	 {J. Gorodkin and L. J. Heyer and G. D. Stormo},
  title = 	 {Finding the most significant common sequence and structure motifs in a set of {RNA} sequences},
  journal = 	 NAR,
  year = 	 1997,
  volume = 	 25,
  number = 	 18,
  pages = 	 {3724-3732}
}

@article{MolerVanLoan03,
  author = "C. Moler and C. Van Loan",
  title = "Nineteen dubious ways to compute the exponential of a matrix, twenty-five years later",
  journal = "SIAM Review",
  volume = 45,
  number = 1,
  pages = "3-49",
  year = 2003
}

@Book{Felsenstein2003,
  author = 	 {J. Felsenstein},
  title = 	 {Inferring Phylogenies},
  publisher = 	 {Sinauer Associates, Inc.},
  year = 	 2003,
  note = 	 {ISBN 0878931775}
}

@Article{ArvestadEtAl2003,
  author = 	 {L. Arvestad and A.-C. Berglund and J. Lagergren and B. Sennblad},
  title = 	 {{B}ayesian Gene/Species Tree Reconciliation and Orthology Analysis Using {MCMC}},
  journal = 	 BI,
  year = 	 2003,
  volume = 	 19,
  pages = 	 {I7-I15},
  note = 	 {Supplement 1}
}

@Article{ZmasekEddy2001,
  author = 	 {C. M. Zmasek and S. R. Eddy},
  title = 	 {A simple algorithm to infer gene duplication and speciation events on a gene tree},
  journal = 	 BI,
  year = 	 2001,
  volume = 	 17,
  pages = 	 {821-828}
}

@Article{MizuguchiEtAl98,
  author = 	 {K. Mizuguchi and C. M. Deane and T. L. Blundell and J. P. Overington},
  title = 	 {{HOMSTRAD}: a database of protein structure alignments for homologous families},
  journal = 	 PROTSCI,
  year = 	 1998,
  volume = 	 7,
  pages = 	 {2469-2471}
}

@Unpublished{Holmes-TKFEM,
  author = 	 {I. Holmes},
  title = 	 {Phylogenetic profiling of insertion and deletion rates},
  note = 	 {Bioinformatics, in press.}
}

@Article{Holmes2005b,
  author = 	 {I. Holmes},
  title = 	 {Using evolutionary {E}xpectation {M}aximization to estimate indel rates},
  journal = 	 BI,
  year = 	 2005,
  volume = 	 21,
  number = 	 10,
  pages = 	 {2294-2300}
}

@Article{Holmes2004,
  author = 	 {I. Holmes},
  title = 	 {A probabilistic model for the evolution of {RNA} structure},
  journal = 	 BMCBI,
  year = 	 2004,
  volume = 5,
  number = 166
}

@Article{FrankEtAl2000,
  author = 	 {D. N. Frank and C. Adamidi and M. A. Ehringer and C. Pitulle and N. R. Pace},
  title = 	 {Phylogenetic-comparative analysis of the eukaryal ribonuclease {P} {RNA}},
  journal = 	 {RNA},
  year = 	 2000,
  volume = 	 6,
  pages = 	 {1895-1904}
}

@Article{MandalEtAl2003,
  author = 	 {M. Mandal and B. Boese and J. E. Barrick and W. C. Winkler and R. R. Breaker},
  title = 	 {Riboswitches Control Fundamental Biochemical Pathways in {B}acillus {s}ubtilis and Other Bacteria},
  journal = 	 CELL,
  year = 	 2003,
  volume = 	 113,
  pages = 	 {577-586}
}

@Article{CrucsEtAl2000,
  author = 	 {S. Crucs and S. Chatterjee and E. R. Gavis},
  title = 	 {Overlapping but distinct {RNA} elements control repression and activation of nanos translation},
  journal = 	 {Molecular cell},
  year = 	 2000,
  volume = 	 5,
  number = 	 3,
  pages = 	 {457-467}
}

@Article{BrayPachter2004,
  author = 	 {N. Bray and L. Pachter},
  title = 	 {{MAVID}: Constrained ancestral alignment of multiple sequences},
  journal = 	 GR,
  year = 	 2004,
  volume = 	 14,
  pages = 	 {693-699}
}

@Article{DoEtAl2005,
   Author="Do, Chuong B and Mahabhashyam, Mahathi S P and Brudno, Michael and Batzoglou, Serafim",
   Title="{{P}rob{C}ons: {P}robabilistic consistency-based multiple sequence alignment}",
   Journal="Genome Res",
   Year="2005",
   Volume="15",
   Number="2",
   Pages="330--340",
   Month="Feb",
   Note="Comparative Study "
}


@Misc{DoEtAl2004,
  author = 	 {C. B. Do and M. Brudno and S. Batzoglou},
  title = 	 {{PROBCONS}: Probabilistic Consistency-based Multiple Alignment of Amino Acid Sequences},
  year =         2004,
  note = 	 {Submitted.}
}

@Article{LichtargeEtAl96,
  author = 	 {O. Lichtarge and H. R. Bourne and F. E. Cohen},
  title = 	 {An evolutionary trace method defines binding surfaces common to protein families},
  journal = 	 JMB,
  year = 	 1996,
  volume = 	 257,
  pages = 	 {342-358}
}

@Article{BerglundEtAl2001,
  author = 	 {J. A. Berglund and M. Rosbash and S. C. Schultz},
  title = 	 {Crystal structure of a model branchpoint-{U}2 {snRNA} duplex containing bulged adenosines},
  journal = 	 {RNA},
  year = 	 2001,
  volume = 	 7,
  pages = 	 {682-691}
}

@Article{Zwieb97,
  author = 	 {C. Zwieb},
  title = 	 {The {uRNA} database},
  journal = 	 NAR,
  year = 	 1997,
  volume = 	 25,
  pages = 	 {102-103}
}

@Article{ZmasekEddy02,
  author = "C. M. Zmasek and S. R. Eddy",
  title = "{RIO}: analyzing proteomes by automated phylogenomics using resampled inference of orthologs",
  journal = "BMC Bioinformatics",
  year = 2002,
  volume = 3,
  number = 1
}

@Article{CoinEtAl04,
  author = "L. Coin and A. Bateman and R. Durbin",
  title = "Enhanced Protein Domain Discovery Using Taxonomy",
  journal = "BMC Bioinformatics",
  year = 2004,
  volume = 5,
  number = 1
}

@Article{SoyerGoldstein04,
  author = "O. S. Soyer and R. A. Goldstein",
  title = "Predicting functional sites in proteins: site-specific evolutionary models and their application to neurotransmitter transporters",
  journal = JMB,
  year = 2004,
  volume = 339,
  number = 1,
  pages = "227-242"
}

@Article{QianGoldstein04,
  author = "B. Qian and R. A. Goldstein",
  title = "Performance of an iterated {T}-{HMM} for homology detection",
  journal = BI,
  year = 2004
}

@Article{QianGoldstein03,
  author = "B. Qian and R. A. Goldstein",
  title = "Detecting distant homologs using phylogenetic tree-based {HMM}s",
  journal = PROT,
  year = 2003,
  volume = 52,
  number = 3,
  pages = "446-453"
}

@Article{RohlEtAl04,
  author = "C. A. Rohl and C. E. Strauss and K. M. Misura and D. Baker",
  title = "Protein structure prediction using {R}osetta",
  journal = ME,
  year = 2004,
  volume = 383,
  pages = "66-93"
}

@Article{BartlettEtAl02,
  author = "G. J. Bartlett and C. T. Porter and N. Borkakoti and J. M. Thornton",
  title = "Analysis of Catalytic Residues in Enzyme Active Sites",
  journal = JMB,
  year = 2002,
  volume = 324,
  pages = "105-121"
}

@Article{Taylor02,
  author = "W. R. Taylor",
  title = "A 'periodic table' for protein structures",
  journal = Nature,
  year = 2002,
  volume = 416,
  number = 6881,
  pages = "657-660"
}

@Article{NgHenikoff03,
  author = "P. C. Ng and S. Henikoff",
  title = "{SIFT}: Predicting amino acid changes that affect protein function",
  journal = NAR,
  year = 2003,
  volume = 31,
  number = 13,
  pages = "3812-3814"
}

@Article{NgHenikoff02,
  author = "P. C. Ng and S. Henikoff",
  title = "Accounting for human polymorphisms predicted to affect protein function",
  journal = GR,
  year = 2002,
  volume = 12,
  number = 3,
  pages = "436-446"
}

@Article{NgHenikoff01,
  author = "P. C. Ng and S. Henikoff",
  title = "Predicting deleterious amino acid substitutions",
  journal = GR,
  year = 2001,
  volume = 11,
  number = 5,
  pages = "863-874"
}

@Article{SiepelHaussler04,
  author = "A. Siepel and D. Haussler",
  title = "Phylogenetic estimation of context-dependent substitution rates by maximum likelihood",
  journal = MBE,
  year = 2004,
  volume = 21,
  number = 3,
  pages = "468-488"
}

@Article{BirneyEtAl04,
  author = "E. Birney and M. Clamp and R. Durbin",
  title = "GeneWise and Genomewise",
  journal = GR,
  year = 2004,
  volume = 14,
  number = 5,
  pages = "988-995"
}

@Article{MeyerDurbin04,
  author = "I. M. Meyer and R. Durbin",
  title = "Gene structure conservation aids similarity based gene prediction",
  journal = NAR,
  year = 2004,
  volume = 32,
  number = 2,
  pages = "776-783"
}

@Article{SamudralaLevitt02,
  author = "R. Samudrala and M. Levitt",
  title = "A comprehensive analysis of 40 blind protein structure predictions",
  journal = "BMC Structural Biology",
  year = 2002,
  volume = 2,
  number = 1
}

@Article{AlexanderssonEtAl03,
  author = "M. Alexandersson and S. Cawley and L. Pachter",
  title = "{SLAM}: cross-species gene finding and alignment with a generalized pair hidden {M}arkov model",
  journal = GR,
  year = 2003,
  volume = 13,
  number = 3,
  pages = "496-502"
}

@Article{LudwigEtAl00,
  author = "M. Z. Ludwig and C. Bergman and N. H. Patel and M. Kreitman",
  title = "Evidence for stabilizing selection in a eukaryotic enhancer element",
  journal = Nature,
  year = 2000,
  volume = 403,
  number = 6769,
  pages = "564-567"
}

@Article{Searls02,
  author = "D. B. Searls",
  title = "The language of genes",
  journal = Nature,
  year = 2002,
  volume = 420,
  number = 6912,
  pages = "211-217"
}

@Article{WhelanEtAl03,
  author = "S. Whelan and P. I. de Bakker and N. Goldman",
  title = "Pandit: a database of protein and associated nucleotide domains with inferred trees",
  journal = BI,
  year = 2003,
  volume = 19,
  number = 12,
  pages = "1556-1563"
}

@Article{VenclovasEtAl03,
  author = "C. Venclovas and A. Zemla and K. Fidelis and J. Moult",
  title = "Assessment of progress over the {CASP} experiments",
  journal = PROT,
  year = 2003,
  volume = 53,
  number = "S6",
  pages = "585-595"
}

@Article{LunterHein04,
  author = 	 {G.A. Lunter and J. Hein},
  title = 	 {A nucleotide substitution model with nearest-neighbour interactions},
  journal = 	 BI,
  year = 	 2004,
   Volume="20 Suppl 1",
   Pages="I216-I223"
}

@InCollection{LunterEtAl2004,
  author = 	 {G. A. Lunter and A. J. Drummond and I. Mikl\'{o}s and J. Hein},
  editor = 	 {R. Nielsen},
  booktitle = 	 {Statistical methods in Molecular Evolution},
  title =  	 {Statistical Alignment: Recent Progress, New Applications, and Challenges},
  publisher = {Springer Verlag},
  series = 	 {Series in Statistics in Health and Medicine},
  year = 2004
}

@Article{LunterMiklosDrummondJensenHein2005,
   Author="Lunter, Gerton and Miklos, Istvan and Drummond, Alexei and Jensen, Jens Ledet and Hein, Jotun",
   Title="{{B}ayesian coestimation of phylogeny and sequence alignment}",
   Journal="BMC Bioinformatics",
   Year="2005",
   Volume="6",
   Pages="83"
}

@Article{Varani97,
  author = 	 {G. Varani},
  title = 	 {{RNA}-protein intermolecular recognition},
  journal = 	 {Accounts of chemical research},
  year = 	 1997,
  volume = 	 30,
  number = 	 5,
  pages = 	 {190-195}
}

@Article{LeeEtAl03,
  author = 	 {J. C. Lee and J. J. Cannone and R. R. Gutell},
  title = 	 {The lonepair triloop: a new motif in {RNA} structure},
  journal = 	 JMB,
  year = 	 2003,
  volume = 	 325,
  number = 	 1,
  pages = 	 {65-83}
}

@Article{WuEtAl04,
  author = 	 {H. Wu and A. Henras and G. Chanfreau and J. Feigon},
  title = 	 {Structural basis for recognition of the {AGNN} tetraloop {RNA} fold by the double-stranded {RNA}-binding domain of {R}nt1p {RN}ase {III}},
  journal = 	 PNAS,
  year = 	 2004,
  volume = 	 101,
  number = 	 22,
  pages = 	 {8307-8312}
}

@Article{PerriquetEtAl2003,
  author = 	 {O. Perriquet and H. Touzet and M. Dauchet},
  title = 	 {Finding the common structure shared by two homologous {RNA}s},
  journal = 	 BI,
  year = 	 2003,
  volume = 	 19,
  number = 	 1,
  pages = 	 {108-116}
}

@Article{Ambros2004,
  author = 	 {V. Ambros},
  title = 	 {The functions of animal micro{RNA}s},
  journal = 	 Nature,
  year = 	 2004,
  volume = 	 431,
  number = 	 7006,
  pages = 	 {350-355}
}

@Article{Baulcombe2004,
  author = 	 {D. Baulcombe},
  title = 	 {RNA silencing in plants},
  journal = 	 Nature,
  year = 	 2004,
  volume = 	 431,
  number = 	 7006,
  pages = 	 {356-363}
}

@Article{SijenPlasterk2003,
  author = 	 {T. Sijen and R. H. Plasterk},
  title = 	 {Transposon silencing in the {C}aenorhabditis elegans germ line by natural {RNA}i},
  journal = 	 Nature,
  year = 	 2003,
  volume = 	 426,
  number = 	 6964,
  pages = 	 {310-314}
}

@Article{RivasEddy2000b,
  author = 	 {E. Rivas and S. R. Eddy},
  title = 	 {Secondary structure alone is generally not statistically significant for the detection of noncoding {RNA}s},
  journal = 	 BI,
  year = 	 2000,
  volume = 	 16,
  number = 	 7,
  pages = 	 {583-605}
}

@Article{CoventryEtAl2004,
  author = 	 {A. Coventry and D. J. Kleitman and B. Berger},
  title = 	 {{MSARI}: Multiple sequence alignments for statistical detection of {RNA} secondary structure},
  journal = 	 PNAS,
  year = 	 2004,
  volume = 	 101,
  pages = 	 {12102-12107}
}

@InProceedings{Giegerich2000,
  author = 	 {R. Giegerich},
  title = 	 {Explaining and Controlling Ambiguity in Dynamic Programming},
  year =       2000,
  booktitle = {Combinatorial Pattern Matching: 11th Annual Symposium},
  pages = 	 {46-59},
  editor = 	 {R. Giancarlo and D. Sankoff},
  volume = 	 1848,
  publisher = {Springer-Verlag Heidelberg}
}

@Article{DowellEddy2004,
  author = 	 {R. D. Dowell and S. R. Eddy},
  title = 	 {Evaluation of several lightweight stochastic context-free grammars for {RNA} secondary structure prediction},
  journal = 	 BMCBI,
  year = 	 2004,
  volume = 	 5,
  number = 	 1,
  pages = 	 71
}

@Article{KarlinMcGregor57,
  author = 	 {S. Karlin and J. Mc{G}regor},
  title = 	 {The classification of birth and death processes},
  journal = 	 {Transactions of the American Mathematical Society},
  year = 	 1957,
  volume = 	 86,
  pages = 	 {366-400}
}

@Article{KarlinMcGregor58,
  author = 	 {S. Karlin and J. Mc{G}regor},
  title = 	 {Linear growth, birth and death processes},
  journal = 	 {Journal of Mathematics and Mechanics},
  year = 	 1958,
  volume = 	 7,
  pages = 	 {643-662}
}

@Article{HofackerEtAl2004,
  author = 	 {I. L. Hofacker and S. H. Bernhart and P. F. Stadler},
  title = 	 {Alignment of {RNA} base pairing probability matrices},
  journal = 	 BI,
  year = 	 2004,
  volume = 	 20,
  number = 	 14,
  pages = 	 {2222-2227}
}

@Article{SiepelHaussler04b,
  author = 	 {A. Siepel and D. Haussler},
  title = 	 {Combining phylogenetic and hidden {M}arkov models in biosequence analysis},
  journal = 	 JCB,
  year = 	 2004,
  volume = 	 11,
  number = 	 {2-3},
  pages = 	 {413-428}
}

@Article{JojicEtAl04,
  author = 	 {V. Jojic and N. Jojic and C. Meek and D. Geiger and A. Siepel and D. Haussler and D. Heckerman},
  title = 	 {Efficient approximations for learning phylogenetic {HMM} models from data},
  journal = 	 BI,
  year = 	 2004,
  volume = 	 20,
  number = 	 {Supplement 1},
  pages = 	 {161-168}
}

@Article{HofackerEtAl2004b,
  author = 	 {I. L. Hofacker and P. F. Stadler and R. R. Stocsits},
  title = 	 {Conserved {RNA} secondary structures in viral genomes: a survey},
  journal = 	 BI,
  year = 	 2004,
  volume = 	 20,
  number = 	 10,
  pages = 	 {1495-1499}
}

@Article{HofackerStadler02,
  author = 	 {I. L. Hofacker and M. Fekete and P. F. Stadler},
  title = 	 {Secondary Structure Prediction for Aligned {RNA} Sequences},
  journal = 	 JMB,
  year = 	 2002,
  volume = 	 319,
  pages = 	 {1059-1066}
}

@Article{HavgaardEtAl2005,
  author = 	 {J. H. Havgaard and R. Lyngso and G. D. Stormo and J. Gorodkin},
  title = 	 {Pairwise local structural alignment of {RNA} sequences with sequence similarity less than 40\%},
  journal = 	 BI,
  year = 	 2005,
  pages = 	 {Jan 18; Epub ahead of print}
}

@Article{WashietlEtAl2005,
  author = 	 {S. Washietl and I. L. Hofacker and P. F. Stadler},
  title = 	 {Fast and reliable prediction of noncoding {RNA}s},
  journal = 	 PNAS,
  year = 	 2005,
  volume =       102,
  pages = 	 {2454-2459}
}

@Article{PedersenEtAl04,
  author = "J. S. Pedersen and I. M. Meyer and R. Forsberg and P. Simmonds and J. Hein",
  title = "A comparative method for finding and folding {RNA} secondary structures within protein-coding regions",
  journal = NAR,
  year = 2004,
  volume = 32,
  number = 16,
  pages = "4925-4923"
}

@InBook{YapSpeed05,
  author = 	 {V. B. Yap and T. P. Speed},
  title = 	 {Statistical Methods in Molecular Evolution},
  chapter = 	 {Estimating substitution matrices},
  publisher = 	 {Springer},
  year = 	 2005
}

@Article{Holmes2005,
  author = 	 {I. Holmes},
  title = 	 {Accelerated probabilistic inference of {RNA} structure evolution},
  journal = 	 BMCBI,
  year = 	 2005,
  volume = 	 6,
  number = 	 73
}

@Article{EngelhardtEtAl2005,
  author = 	 {B. E. Engelhardt and M. I. Jordan and K. E. Muratore and S. E. Brenner},
  title = 	 {Protein Molecular Function Prediction by {B}ayesian Phylogenomics},
  journal = 	 PLOSCOMPBIO,
  year = 	 2005,
  volume = 	 1,
  number = 	 5
}

@Article{SiepelEtAl2005,
  author = 	 {A. Siepel and G. Bejerano and J. S. Pedersen and A. S. Hinrichs and M. Hou and K. Rosenbloom and H. Clawson and J. Spieth and L. W. Hillier and S. Richards and G. M. Weinstock and R. K. Wilson and R. A. Gibbs and W. J. Kent and W. Miller and D. Haussler},
  title = 	 {Evolutionarily conserved elements in vertebrate, insect, worm, and yeast genomes},
  journal = 	 GR,
  year = 	 2005,
  volume = 	 15,
  number = 	 8,
  pages = 	 {1034-1050}
}

@Article{MosesEtAl2004,
  author = 	 {A. M. Moses and D. Y. Chiang and D. A. Pollard and V. N. Iyer and M. B. Eisen},
  title = 	 {{MONKEY}: identifying conserved transcription-factor binding sites in multiple alignments using a binding site-specific evolutionary model},
  journal = 	 GB,
  year = 	 2004,
  volume = 	 5,
  number = 	 12
}

@Article{LunterPontingHein2006,
  author = 	 {G. Lunter and C. P. Ponting and J. Hein},
  title = 	 {Genome-Wide Identification of Human Functional {DNA} Using a Neutral Indel Model},
  journal = 	 PLOSCOMPBIO,
  year = 	 2006,
  volume = 	 2,
  number = 	 1
}

@Article{KschischangEtAl98,
  author = 	 {F. R. Kschischang and B. J. Frey and H.-A. Loeliger},
  title = 	 {Factor Graphs and the Sum-Product Algorithm},
  journal = 	 {{IEEE} Transactions on Information Theory},
  year = 	 1998,
  volume = 	 47,
  number = 	 2,
  pages = 	 {498-519}
}

@Article{HobolthJensen05,
  author = 	 {A. Hobolth and J. L. Jensen},
  title = 	 {Statistical inference in evolutionary models of {DNA} sequences via the {EM} algorithm},
  journal = 	 {Statistical applications in Genetics and Molecular Biology},
  year = 	 2005,
  volume = 	 4,
  number = 	 1
}

@Article{MullerVingron2000,
  author = 	 {T. Muller and M. Vingron},
  title = 	 {Modeling amino acid replacement},
  journal = 	 JCB,
  year = 	 2000,
  volume = 	 7,
  number = 	 6,
  pages = 	 {761-776}
}

@Article{KallEtAl04,
  author = 	 {L. Kall and A. Krogh and E.L. Sonnhammer},
  title = 	 {A combined transmembrane topology and signal peptide prediction method},
  journal = 	 JMB,
  year = 	 2004,
  volume = 	 338,
  number = 	 5,
  pages = 	 {1027-1036}
}

@Article{Eddy02,
  author = 	 {S. R. Eddy},
  title = 	 {A memory-efficient dynamic programming algorithm for optimal alignment of a sequence to an {RNA} secondary structure},
  journal = 	 BMCBI,
  year = 	 2002,
  volume = 	 3,
  number = 	 18
}

@Article{PollockTaylorGoldman99,
  author = 	 {D. D. Pollock and W. R. Taylor and N. Goldman},
  title = 	 {Coevolving protein residues: maximum likelihood identification and relationship to structure},
  journal = 	 JMB,
  year = 	 1999,
  volume = 	 287,
  number = 	 1,
  pages = 	 {187-198}
}

@Article{McCarthy60,
  author = 	 {J. L. McCarthy},
  title = 	 {Recursive functions of symbolic expressions and their computation by machine},
  journal = 	 {Communications of the {ACM}},
  year = 	 1960,
  volume = 	 3,
  number = 	 4,
  pages = 	 {184-195}
}

@Misc{Rivest97,
  author = 	 {R. Rivest},
  title = 	 {S-expressions},
  howpublished = {Internet Draft},
  year = 	 1997,
  note = 	 {Available from http://theory.lcs.mit.edu/\~{}rivest/sexp.txt}
}

@Book{McLachlanKrishnan96,
  author = 	 {G. J. McLachlan and T. Krishnan},
  title = 	 {The {EM} Algorithm and Extensions},
  publisher = 	 {Wiley Interscience},
  year = 	 1996
}

@misc{JoshiSchabes97,
  author = "A. Joshi and Y. Schabes",
  title = "Tree-Adjoining Grammars",
  text = "Joshi, A.K. and Schabes, Y.; Tree-Adjoining Grammars, in Handbook of Formal
    Languages, G. Rozenberg and A. Salomaa (eds.), Vol. 3, Springer, Berlin,
    New York, 1997, 69 - 124.",
  year = "1997",
  url = "citeseer.ist.psu.edu/joshi97treeadjoining.html"
}

@Article{SuzukiNei2001,
   Author="Suzuki, Y and Nei, M",
   Title="{Reliabilities of parsimony-based and likelihood-based methods for detecting positive selection at single amino acid sites}",
   Journal="Mol Biol Evol",
   Year="2001",
   Volume="18",
   Number="12",
   Pages="2179--2185",
   Month="Dec"
}

@Article{YangEtAl2000,
  author = 	 {Z. Yang and R. Nielsen and N. Goldman and A.-M. Pedersen},
  title = 	 {Codon-substitution models for heterogeneous selection pressure at amino acid sites},
  journal = 	 GEN,
  year = 	 2000,
  volume = 	 155,
  pages = 	 {432-449}
}

@Article{BirneyEtAl2006,
  author = 	 {E. Birney et al},
  title = 	 {Ensembl 2006},
  journal = 	 NAR,
  year = 	 2006,
  volume = 	 34,
  pages = 	 {D556-D561},
  note = 	 {Database issue}
}

@Article{Lake97,
   Author="Lake, J A",
   Title="{Phylogenetic inference: how much evolutionary history is knowable?}",
   Journal=MBE,
   Year="1997",
   Volume="14",
   Number="3",
   Pages="213--219",
   Month="Mar"
}

@Article{GardnerEtAl2005,
  author = 	 {P. P. Gardner and A. Wilm and S. Washietl},
  title = 	 {A benchmark of multiple sequence alignment programs upon structural {RNA}s},
  journal = 	 NAR,
  year = 	 2005,
  volume = 	 {33},
  number = 	 {8},
  pages = 	 {2433-2439}
}

@Article{KlostermanEtAl2006,
  author = 	 {P. S. Klosterman and A. V. Uzilov and Y. R. Bendana and R. K. Bradley and S. Chao and C. Kosiol and N. Goldman and I. Holmes},
  title = 	 {{XRate}: a fast prototyping, training and annotation tool for phylo-grammars},
  journal = 	 BMCBI,
  year = 	 2006,
  volume = 	 7,
  number = 	 428
}

@Article{PollardEtAl2006,
   Author="Pollard, K. S. and Salama, S. R. and Lambert, N. and Lambot, M. and Coppens, S. and Pedersen, J. S. and Katzman, S. and King, B. and Onodera, C. and Siepel, A. and Kern, A. D. and Dehay, C. and Igel, H. and Ares, M. and Vanderhaeghen, P. and Haussler, D.",
   Title="{{A}n {R}{N}{A} gene expressed during cortical development evolved rapidly in humans}",
   Journal="Nature",
   Year="2006",
   Volume="443",
   Number="7108",
   Pages="167--172",
   Month="Sep"
}

@Article{LunterSongMiklosHein2003,
  author = 	 {G. A. Lunter and I. Mikl\'{o}s and Y. S. Song and J. Hein},
  title = 	 {An efficient algorithm for statistical multiple alignment on arbitrary phylogenetic trees},
  journal = 	 JCB,
  year = 	 2003,
  volume = 	 10,
  number = 	 6,
  pages = 	 {869-889}
}

@Article{Mealy55,
  author = 	 {G. H. Mealy},
  title = 	 {A Method for Synthesizing Sequential Circuits},
  journal = 	 {Bell System Technical Journal},
  year = 	 1955,
  volume = 	 34,
  pages = 	 {1045-1079}
}

@Article{MohriPereiraRiley2000,
  author = 	 {M. Mohri and F. Pereira and M. Riley},
  title = 	 {Weighted Finite-State Transducers in Speech Recognition},
  journal = 	 {ISCA ITRW Automatic Speech Recognition},
  year = 	 2000,
  pages = 	 {97-106}
}

@Article{WangKeightleyJohnson2006,
   Author="Wang, Jun and Keightley, Peter D and Johnson, Toby",
   Title="{{M}{C}{A}{L}{I}{G}{N}2: faster, accurate global pairwise alignment of non-coding {D}{N}{A} sequences based on explicit models of indel evolution}",
   Journal="BMC Bioinformatics",
   Year="2006",
   Volume="7",
   Pages="292"
}


@Article{AverofRokasWolfeSharp2000,
   Author="Averof, M and Rokas, A and Wolfe, K H and Sharp, P M",
   Title="{{E}vidence for a high frequency of simultaneous double-nucleotide substitutions}",
   Journal="Science",
   Year="2000",
   Volume="287",
   Number="5456",
   Pages="1283--1286",
   Month="Feb"
}

@Article{FleissnerMetzlerHaeseler2005,
   Author="Fleissner, Roland and Metzler, Dirk and von Haeseler, Arndt",
   Title="{{S}imultaneous statistical multiple alignment and phylogeny reconstruction}",
   Journal="Syst Biol",
   Year="2005",
   Volume="54",
   Number="4",
   Pages="548--561",
   Month="Aug",
   Note="Comparative Study "
}


@Article{SuchardRedelings2006,
   Author="Suchard, Marc A and Redelings, Benjamin D",
   Title="{{B}{A}li-{P}hy: simultaneous {B}ayesian inference of alignment and phylogeny}",
   Journal="Bioinformatics",
   Year="2006",
   Volume="22",
   Number="16",
   Pages="2047--2048",
   Month="Aug"
}

@Article{BlanchetteEtAl2004,
   Author="Blanchette, Mathieu and Green, Eric D and Miller, Webb and Haussler, David",
   Title="{{R}econstructing large regions of an ancestral mammalian genome in silico}",
   Journal="Genome Res",
   Year="2004",
   Volume="14",
   Number="12",
   Pages="2412--2423",
   Month="Dec",
   Note="Comparative Study "
}

% incomplete!
@Article{MarguliesCooperEtAl2007,
   Author="E. Margulies and G. M. Cooper and et al.",
   Title="Analyses of deep mammalian sequence alignments and constraint predictions for 1\% of the human genome",
   Journal="Genome Res",
   Year="2007",
   Note = "in press"
}

@Unpublished{BradleyHolmesInPrep,
  author = 	 {R. K. Bradley and I. Holmes},
  title = 	 {{RNA} Structure Evolution and Transducer Composition},
  year =         2007,
  note = 	 {In preparation}
}

@article{MyersMiller1988,
   author = "Myers, E. W. and Miller, W.",
   title = "{Optimal} Alignments in Linear Space",
   journal = "Comput Appl Biosci",
   year = "1988",
   volume = "4",
   pages = "11-17",
   pmid = "3382986",
   abstract = "Space, not time, is often the limiting factor when computing optimal sequence alignments, and a number of recent papers in the biology literature have proposed space-saving strategies. However, a 1975 computer science paper by Hirschberg presented a method that is superior to the new proposals, both in theory and in practice. The goal of this paper is to give Hirschberg's idea the visibility it deserves by developing a linear-space version of Gotoh's algorithm, which accommodates affine gap penalties. A portable C-software package implementing this algorithm is available on the BIONET free of charge."
}

@book{FulopVogler1998,
  author = "Zolt\'{a}n F{\"{u}}l{\"{o}}p and Heiko Vogler",
  title = "Syntax-Directed Semantics: Formal Models Based on Tree Transducers",
  publisher = "Springer",
  year = 1998
}

@Unpublished{12fly2007,
   author = "{Drosophila Comparative Genome Sequencing and Analysis Consortium}",
   title = "Evolution of Genes and Genomes in the Genus Drosophila",
   year = 2007,
   note = {In preparation}
}

@Article{KellisLanderEtAl2003,
   Author="Kellis, Manolis and Patterson, Nick and Endrizzi, Matthew and Birren, Bruce and Lander, Eric S",
   Title="{{S}equencing and comparison of yeast species to identify genes and regulatory elements}",
   Journal="Nature",
   Year="2003",
   Volume="423",
   Number="6937",
   Pages="241--254",
   Month="May",
   Note="Comparative Study "
}

@Unpublished{DrummondRambaut2003,
   author = "A. J. Drummond and A. Rambaut",
   title = "{BEAST} v1.0",
   year = 2003,
   note = "Available from http://evolve.zoo.ox.ac.uk/beast/"
}

@Unpublished{MiklosLunterCsuros2007,
   author = "Istv\'{a}n Mikl\'{o}s and Gerton A. Lunter and Mikl\'{o}s Cs{\"{u}}r{\"{o}}s and Timothy Brooks Paige and \'{A}d\'{a}m Nov\'{a}k",
   title = "{Phylogeny Cafe}",
   year = 2007,
   note = "Available from http://phylogeny-cafe.elte.hu/"
}

% 9808944 (JID)
@Article{KeiblerEtAl2007,
   Author="E. Keibler and M. Arumugam and M. Brent",
   Title="{{T}he {T}reeterbi and {P}arallel {T}reeterbi algorithms: {E}fficient, optimal decoding for ordinary, generalized, and {P}air {H}{M}{M}s}",
   Journal="Bioinformatics",
   Year="2007",
   Month="Jan"
}

@Article{TarnasHughey98,
   Author="C. Tarnas and R. Hughey",
   Title="{{R}educed space hidden {M}arkov model training}",
   Journal="Bioinformatics",
   Year="1998",
   Volume="14",
   Number="5",
   Pages="401--406",
   Month="Jun"
}

@Article{HeinJensenPedersen03,
   Author="J. Hein and J. L. Jensen and C. N. S. Pedersen",
   Title="{{R}ecursions for statistical multiple alignment}",
   Journal=PNAS,
   Year="2003",
   Volume="100",
   Number="25",
   Pages="14960--14965",
   Month="Dec"
}

@Misc{Rivest1997,
  author = 	 {R. Rivest},
  title = 	 {S-Expressions},
  howpublished = {Internet Working Draft},
  year = 	 1997,
  note = 	 {http://theory.lcs.mit.edu/\~{}rivest/sexp.txt}
}

@Misc{GraphViz,
  note = 	 {http://www.graphviz.org/}
}

@Article{KosiolHolmesGoldman2007,
   Author="C. Kosiol and I. Holmes and N. Goldman",
   Title="{{A}n {E}mpirical {C}odon {M}odel for {P}rotein {S}equence {E}volution}",
   Journal=MBE,
   Year="2007",
   Month="Mar"
}

@Article{MillerHausslerEtAl2006,
   Author="J. Ma and L. Zhang and B. B. Suh and B. J. Raney and J. Brian and R. C. Burhans and W. J. Kent and M. Blanchette and D. Haussler and W. Miller",
   Title="{{R}econstructing contiguous regions of an ancestral genome}",
   Journal=GR,
   Year="2006",
   Volume="16",
   Number="12",
   Pages="1557--1565",
   Month="Dec",
   Note="Comparative Study"
}

@Article{DialloEtAl2007,
  author = 	 {A. B. Diallo and V. Makarenkov and M. Blanchette},
  title = 	 {Exact and heuristic algorithms for the Indel Maximum Likelihood Problem},
  journal = 	 JCB,
  year = 	 2007,
  volume = 	 14,
  number = 	 4,
  pages = 	 {446-461}
}

@article{LoytynojaGoldman2005,
author = { A. Loytynoja and  N. Goldman},
title = {An algorithm for progressive multiple alignment of sequences with
      insertions},
journal = PNAS,
year = {2005},
volume = {102},
number = {30},
pages = {10557-62}
}


% 17804440 
@Article{BradleyHolmes2007,
   Author="Bradley, R.K. and Holmes, I.",
   Title="{{T}ransducers: an emerging probabilistic framework for modeling indels on trees}",
   Journal="Bioinformatics",
   Year="2007",
   Volume="23",
   Pages="3258--3262",
   Month="Dec"
}


% 9808944 (JID)
@Article{Holmes2007,
   Author="I. Holmes",
   Title="{{P}hylocomposer and {P}hylodirector: {A}nalysis and {V}isualization of {T}ransducer {I}ndel {M}odels}",
   Journal=BI,
   Year="2007",
   Month="Sep"
}

% 9518021 (JID)
@Article{MarguliesEtAl2007,
   Author="{ENCODE} project consortium",
   Title="{{A}nalyses of deep mammalian sequence alignments and constraint predictions for 1\%  of the human genome}",
   Journal=GR,
   Year="2007",
   Volume="17",
   Number="6",
   Pages="760--774",
   Month="Jun"
}

% 0410462 (JID)
@Article{BirneyEtAl2007,
   Author="{ENCODE} project consortium",
   Title="{{I}dentification and analysis of functional elements in 1\% of the human genome by the {E}{N}{C}{O}{D}{E} pilot project}",
   Journal=Nature,
   Year="2007",
   Volume="447",
   Number="7146",
   Pages="799--816",
   Month="Jun"
}

% 9808944 (JID)
@Article{Lunter2007,
   Author="Lunter, G.",
   Title="{{H}{M}{M}o{C}--a compiler for hidden {M}arkov models}",
   Journal="Bioinformatics",
   Year="2007",
   Volume="23",
   Number="18",
   Pages="2485--2487",
   Month="Sep"
}

% 100965194 (JID)
@Article{KruspeStadler2007,
   Author="Kruspe, Matthias and Stadler, Peter F",
   Title="{{P}rogressive multiple sequence alignments from triplets}",
   Journal="BMC Bioinformatics",
   Year="2007",
   Volume="8",
   Pages="254"
}


@Unpublished{HolmesEtAl-XratePipelineInPrep,
  author = 	 {A. V. Uzilov and Y. R. Benda\~{n}a and M. Skinner and A. Varadarajan and R. K. Bradley and I. Holmes},
  title = 	 {An {XRATE} nc{RNA} pipeline},
  year =         2007,
  note = 	 {In preparation}
}

@ARTICLE{GriffithsJones2005,
author = { S. Griffiths-Jones},
title = {{RALEE}--{RNA} {A}{L}ignment editor in {E}macs},
journal = BI,
year = {2005},
volume = {21},
number = {2},
pages = {257-9}
}

@ARTICLE{ParkerGorlickLee2003,
author = { D. S. Parker and  M. M. Gorlick and  C. J. Lee},
title = {Evolving from bioinformatics in-the-small to bioinformatics in-the-large.},
journal = {OMICS},
year = {2003},
volume = {7},
number = {1},
pages = {37-48}
}

@Article{LoweEddy99,
  author = 	 {T. M. Lowe and S. R. Eddy},
  title = 	 {A computational screen for methylation guide {snoRNAs} in yeast},
  journal = 	 S,
  year = 	 1999,
  volume = 	 283,
  pages = 	 {1168-1171}
}

@ARTICLE{HusmeierWright01,
author = {D. Husmeier and F. Wright},
title = {Detection of recombination in {DNA} multiple alignments with hidden {M}arkov models},
journal = JCB,
year = {2001},
volume = {8},
number = {4},
pages = {401-427}
}

@ARTICLE{Rivas05,
author = {E. Rivas},
title = {Evolutionary models for insertions and deletions in a probabilistic modeling framework},
journal = BMCBI,
year = {2005},
volume = {6},
number = {63}
}


@ARTICLE{Dewey2007,
author = { C. N. Dewey},
title = {Aligning Multiple Whole Genomes with Mercator and {MAVID}},
journal = {Methods Mol Biol},
year = {2007},
volume = {395},
pages = {221-236}
}


@ARTICLE{PondEtAl2005,
author = { S. L. K. Pond and  S. D. W. Frost and  S. V. Muse},
title = {Hy{P}hy: hypothesis testing using phylogenies.},
journal = {Bioinformatics},
year = {2005},
volume = {21},
number = {5},
pages = {676-679}
}


@ARTICLE{Yang2007,
author = { Z. Yang},
title = {P{A}{M}{L} 4: phylogenetic analysis by maximum likelihood.},
journal = MBE,
year = {2007},
volume = {24},
number = {8},
pages = {1586-1591}
}

@ARTICLE{Yang97,
author = { Z. Yang},
title = {P{A}{M}{L}: a program package for phylogenetic analysis by maximum likelihood.},
journal = CABIOS,
year = {1997},
volume = {13},
number = {5},
pages = {555-556}
}

@ARTICLE{Lunter2007,
author = { G. Lunter},
title = {H{M}{M}o{C}--a compiler for hidden {M}arkov models.},
journal = BI,
year = {2007},
volume = {23},
number = {18},
pages = {2485-2487}
}


@ARTICLE{Pfam2008,
author = { Robert D Finn and  John Tate and  Jaina Mistry and  Penny C Coggill and  Stephen John Sammut and  Hans-Rudolf Hotz and  Goran Ceric and  Kristoffer Forslund and  Sean R Eddy and  Erik L L Sonnhammer and  Alex Bateman},
title = {The {P}fam protein families database.},
journal = NAR,
year = {2008},
volume = {36},
number = {Database issue},
pages = {D281-8}
}

@ARTICLE{Rfam2005,
author = { S. Griffiths-Jones and  S. Moxon and  M. Marshall and  A. Khanna and  S. R. Eddy and  A. Bateman},
title = {Rfam: annotating non-coding {R}{N}{A}s in complete genomes.},
journal = NAR,
year = {2005},
volume = {33},
number = {Database issue},
pages = {D121-4}
}

@ARTICLE{Treefam2006,
author = {H. Li and  A. Coghlan and  J. Ruan and  L.J. Coin and J.K. Hériché and L. Osmotherly and  R. Li and T. Liu and  Z. Zhang and  L. Bolund and G.K. Wong and W. Zheng and P. Dehal and  J. Wang and  R. Durbin},
title = {TreeFam: a curated database of phylogenetic trees of animal gene families.},
journal = NAR,
year = {2006},
volume = {34},
number = {Database issue},
pages = {D572-80}
}

@Unpublished{PatenEtAl2008,
  author = 	 {B. Paten and K. Beal and E. Birney},
  title = 	 {Pecan: Large-scale consistency alignment.},
  note = 	 {Submitted},
  year = 	 {2008}
}


@ARTICLE{SchwartzPachter2007,
author = { A. S. Schwartz and  L. Pachter},
title = {Multiple alignment by sequence annealing.},
journal = {Bioinformatics},
year = {2007},
volume = {23},
number = {2},
pages = {e24-9}
}

@ARTICLE{DowellEddy2006,
author = { R. D. Dowell and  S. R. Eddy},
title = {Efficient pairwise {R}{N}{A} structure prediction and alignment using sequence
      alignment constraints.},
journal = {BMC Bioinformatics},
year = {2006},
volume = {7},
pages = {400}
}

@ARTICLE{SlaterBirney2005,
author = { Guy St C Slater and  Ewan Birney},
title = {Automated generation of heuristics for biological sequence comparison.},
journal = {BMC Bioinformatics},
year = {2005},
volume = {6},
pages = {31}
}

@ARTICLE{BielawskiYang2003,
author = { Joseph P Bielawski and  Ziheng Yang},
title = {Maximum likelihood methods for detecting adaptive evolution after gene
      duplication.},
journal = {J Struct Funct Genomics},
year = {2003},
volume = {3},
number = {1-4},
pages = {201-12}
}

@ARTICLE{NotredameEtAl2000,
author = { C. Notredame and  D. G. Higgins and  J. Heringa},
title = {T-{C}offee: {A} novel method for fast and accurate multiple sequence
      alignment.},
journal = JMB,
year = {2000},
volume = {302},
number = {1},
pages = {205-17}
}

@unpublished{PatenBirney2008,
   author = "Benedict Paten and Kathryn Beal and Ewan Birney",
   title = "{P}ecan: Large-scale Consistency Alignment",
   year="2008",
   note = "Submitted"
}

